名称,﻿代码,﻿当前价格,﻿昨收,﻿今开,﻿成交量/手,﻿外盘,﻿内盘,﻿买一价,﻿买一量/手,﻿买二价,﻿买二量/手,﻿买三价,﻿买三量/手,﻿买四价,﻿买四量/手,﻿买五价,﻿买五量/手,﻿卖一价,﻿卖一量/手,﻿卖二价,﻿卖二量/手,﻿卖三价,﻿卖三量/手,﻿卖四价,﻿卖四量/手,﻿卖五价,﻿卖五量/手,﻿最近逐笔成交,﻿时间,﻿涨跌,﻿涨跌幅,﻿最高,﻿最低,﻿价格,﻿成交量/手,﻿成交额/万,﻿换手率,﻿市盈率,﻿振幅,﻿流通市值,﻿总市值,﻿市净率,﻿涨停价,﻿跌停价,﻿买盘大单,﻿买盘小单,﻿卖盘大单,﻿卖盘小单
0,sz150018,0.92,0.924,0.914,352248.0,153194.0,199054.0,0.919,4153.0,0.918,9991.0,0.917,3013.0,0.916,1606.0,0.915,905.0,0.92,1963.0,0.921,1923.0,0.922,3718.0,0.923,4877.0,0.924,11189.0,10.0,20150826104416,-0.004,-0.43,0.922,0.909,0.919,352248.0,3224.0,0.0,0.0,1.41,0.0,0.0,0.0,-1.0,-1.0,0.05,0.385,0.213,0.352
0,sz150018,0.92,0.924,0.914,352748.0,153694.0,199054.0,0.919,4153.0,0.918,9991.0,0.917,3013.0,0.916,1606.0,0.915,905.0,0.92,1463.0,0.921,1923.0,0.922,3718.0,0.923,4877.0,0.924,11189.0,10.0,20150826104429,-0.004,-0.43,0.922,0.909,0.919,352748.0,3229.0,0.0,0.0,1.41,0.0,0.0,0.0,-1.0,-1.0,0.05,0.386,0.213,0.351
0,sz150018,0.92,0.924,0.914,352748.0,153694.0,199054.0,0.919,4153.0,0.918,9991.0,0.917,3013.0,0.916,1606.0,0.915,905.0,0.92,1463.0,0.921,1923.0,0.922,3718.0,0.923,4877.0,0.924,11189.0,10.0,20150826104434,-0.004,-0.43,0.922,0.909,0.919,352748.0,3229.0,0.0,0.0,1.41,0.0,0.0,0.0,-1.0,-1.0,0.05,0.386,0.213,0.351
0,sz150018,0.92,0.924,0.914,352748.0,153694.0,199054.0,0.919,4153.0,0.918,9991.0,0.917,3013.0,0.916,1606.0,0.915,905.0,0.92,1034.0,0.921,1923.0,0.922,3718.0,0.923,4877.0,0.924,11189.0,10.0,20150826104440,-0.004,-0.43,0.922,0.909,0.919,352748.0,3229.0,0.0,0.0,1.41,0.0,0.0,0.0,-1.0,-1.0,0.05,0.386,0.213,0.351
0,sz150018,0.919,0.924,0.914,353225.0,153694.0,199530.0,0.919,3676.0,0.918,9991.0,0.917,3013.0,0.916,1606.0,0.915,905.0,0.92,1034.0,0.921,1923.0,0.922,3718.0,0.923,4877.0,0.924,11189.0,10.0,20150826104447,-0.005,-0.54,0.922,0.909,0.919,353225.0,3233.0,0.0,0.0,1.41,0.0,0.0,0.0,-1.0,-1.0,0.05,0.385,0.213,0.352
0,sz150018,0.919,0.924,0.914,353225.0,153694.0,199530.0,0.919,3676.0,0.918,9991.0,0.917,3013.0,0.916,1606.0,0.915,905.0,0.92,1034.0,0.921,1923.0,0.922,3718.0,0.923,4877.0,0.924,11189.0,10.0,20150826104450,-0.005,-0.54,0.922,0.909,0.919,353225.0,3233.0,0.0,0.0,1.41,0.0,0.0,0.0,-1.0,-1.0,0.05,0.383,0.212,0.355
0,sz150018,0.919,0.924,0.914,355065.0,153694.0,201370.0,0.919,1836.0,0.918,9991.0,0.917,3013.0,0.916,1606.0,0.915,905.0,0.92,1034.0,0.921,1923.0,0.922,3718.0,0.923,4877.0,0.924,11189.0,10.0,20150826104456,-0.005,-0.54,0.922,0.909,0.919,355065.0,3250.0,0.0,0.0,1.41,0.0,0.0,0.0,-1.0,-1.0,0.05,0.383,0.212,0.355
0,sz150018,0.919,0.924,0.914,355854.0,153694.0,202160.0,0.919,1047.0,0.918,9991.0,0.917,3013.0,0.916,1606.0,0.915,905.0,0.92,1034.0,0.921,1923.0,0.922,3718.0,0.923,4877.0,0.924,11189.0,10.0,20150826104459,-0.005,-0.54,0.922,0.909,0.919,355854.0,3257.0,0.0,0.0,1.41,0.0,0.0,0.0,-1.0,-1.0,0.05,0.383,0.212,0.355
0,sz150018,0.919,0.924,0.914,355854.0,153694.0,202160.0,0.919,1047.0,0.918,9991.0,0.917,3013.0,0.916,1606.0,0.915,905.0,0.92,1034.0,0.921,1923.0,0.922,3718.0,0.923,4877.0,0.924,11189.0,10.0,20150826104502,-0.005,-0.54,0.922,0.909,0.919,355854.0,3257.0,0.0,0.0,1.41,0.0,0.0,0.0,-1.0,-1.0,0.05,0.382,0.211,0.357
0,sz150018,0.919,0.924,0.914,355854.0,153694.0,202160.0,0.919,7447.0,0.918,9991.0,0.917,3013.0,0.916,1606.0,0.915,905.0,0.92,1034.0,0.921,1923.0,0.922,3718.0,0.923,4877.0,0.924,11189.0,10.0,20150826104507,-0.005,-0.54,0.922,0.909,0.919,355854.0,3257.0,0.0,0.0,1.41,0.0,0.0,0.0,-1.0,-1.0,0.05,0.382,0.211,0.357
0,sz150018,0.919,0.924,0.914,355854.0,153694.0,202160.0,0.919,7447.0,0.918,9991.0,0.917,3013.0,0.916,1606.0,0.915,905.0,0.92,1034.0,0.921,1923.0,0.922,3718.0,0.923,4877.0,0.924,11189.0,10.0,20150826104513,-0.005,-0.54,0.922,0.909,0.919,355854.0,3257.0,0.0,0.0,1.41,0.0,0.0,0.0,-1.0,-1.0,0.05,0.382,0.211,0.357
0,sz150018,0.919,0.924,0.914,355854.0,153694.0,202160.0,0.919,7447.0,0.918,9991.0,0.917,3013.0,0.916,1606.0,0.915,905.0,0.92,1034.0,0.921,1923.0,0.922,3718.0,0.923,4877.0,0.924,11189.0,10.0,20150826104519,-0.005,-0.54,0.922,0.909,0.919,355854.0,3257.0,0.0,0.0,1.41,0.0,0.0,0.0,-1.0,-1.0,0.05,0.382,0.211,0.357
0,sz150018,0.919,0.924,0.914,355854.0,153694.0,202160.0,0.919,7447.0,0.918,9991.0,0.917,3013.0,0.916,1606.0,0.915,905.0,0.92,1034.0,0.921,1923.0,0.922,3718.0,0.923,4877.0,0.924,11189.0,10.0,20150826104522,-0.005,-0.54,0.922,0.909,0.919,355854.0,3257.0,0.0,0.0,1.41,0.0,0.0,0.0,-1.0,-1.0,0.05,0.382,0.211,0.357
0,sz150018,0.919,0.924,0.914,355854.0,153694.0,202160.0,0.919,10447.0,0.918,9991.0,0.917,3013.0,0.916,1606.0,0.915,905.0,0.92,1034.0,0.921,1923.0,0.922,3718.0,0.923,4877.0,0.924,11189.0,10.0,20150826104528,-0.005,-0.54,0.922,0.909,0.919,355854.0,3257.0,0.0,0.0,1.41,0.0,0.0,0.0,-1.0,-1.0,0.05,0.382,0.211,0.357
0,sz150018,0.919,0.924,0.914,355854.0,153694.0,202160.0,0.919,10447.0,0.918,9991.0,0.917,3013.0,0.916,1606.0,0.915,905.0,0.92,1034.0,0.921,1923.0,0.922,3718.0,0.923,4877.0,0.924,11189.0,10.0,20150826104534,-0.005,-0.54,0.922,0.909,0.919,355854.0,3257.0,0.0,0.0,1.41,0.0,0.0,0.0,-1.0,-1.0,0.05,0.382,0.211,0.357
0,sz150018,0.919,0.924,0.914,355854.0,153694.0,202160.0,0.919,10447.0,0.918,9991.0,0.917,3013.0,0.916,1606.0,0.915,905.0,0.92,1034.0,0.921,1923.0,0.922,3718.0,0.923,4877.0,0.924,11189.0,10.0,20150826104540,-0.005,-0.54,0.922,0.909,0.919,355854.0,3257.0,0.0,0.0,1.41,0.0,0.0,0.0,-1.0,-1.0,0.05,0.382,0.211,0.357
0,sz150018,0.919,0.924,0.914,355854.0,153694.0,202160.0,0.919,10447.0,0.918,9991.0,0.917,3013.0,0.916,1606.0,0.915,905.0,0.92,1034.0,0.921,1923.0,0.922,3718.0,0.923,4877.0,0.924,11189.0,10.0,20150826104544,-0.005,-0.54,0.922,0.909,0.919,355854.0,3257.0,0.0,0.0,1.41,0.0,0.0,0.0,-1.0,-1.0,0.05,0.382,0.211,0.357
0,sz150018,0.919,0.924,0.914,359854.0,153694.0,206160.0,0.919,6597.0,0.918,9991.0,0.917,3013.0,0.916,1606.0,0.915,905.0,0.92,1034.0,0.921,1923.0,0.922,3718.0,0.923,4877.0,0.924,11189.0,10.0,20150826104550,-0.005,-0.54,0.922,0.909,0.919,359854.0,3294.0,0.0,0.0,1.41,0.0,0.0,0.0,-1.0,-1.0,0.049,0.378,0.209,0.364
0,sz150018,0.919,0.924,0.914,361568.0,153694.0,207874.0,0.919,4883.0,0.918,9991.0,0.917,3013.0,0.916,1606.0,0.915,905.0,0.92,1034.0,0.921,1923.0,0.922,3718.0,0.923,4877.0,0.924,11189.0,10.0,20150826104556,-0.005,-0.54,0.922,0.909,0.919,361568.0,3310.0,0.0,0.0,1.41,0.0,0.0,0.0,-1.0,-1.0,0.049,0.378,0.209,0.364
0,sz150018,0.919,0.924,0.914,361568.0,153694.0,207874.0,0.919,4883.0,0.918,9991.0,0.917,3013.0,0.916,1606.0,0.915,905.0,0.92,1034.0,0.921,1923.0,0.922,3718.0,0.923,4877.0,0.924,11189.0,10.0,20150826104559,-0.005,-0.54,0.922,0.909,0.919,361568.0,3310.0,0.0,0.0,1.41,0.0,0.0,0.0,-1.0,-1.0,0.049,0.376,0.208,0.367
0,sz150018,0.919,0.924,0.914,361568.0,153694.0,207874.0,0.919,4883.0,0.918,9991.0,0.917,3013.0,0.916,1606.0,0.915,905.0,0.92,1034.0,0.921,1923.0,0.922,3718.0,0.923,4877.0,0.924,11189.0,10.0,20150826104604,-0.005,-0.54,0.922,0.909,0.919,361568.0,3310.0,0.0,0.0,1.41,0.0,0.0,0.0,-1.0,-1.0,0.049,0.376,0.208,0.367
0,sz150018,0.919,0.924,0.914,361568.0,153694.0,207874.0,0.919,4883.0,0.918,9991.0,0.917,3013.0,0.916,1606.0,0.915,905.0,0.92,1034.0,0.921,1923.0,0.922,3718.0,0.923,4877.0,0.924,11189.0,10.0,20150826104611,-0.005,-0.54,0.922,0.909,0.919,361568.0,3310.0,0.0,0.0,1.41,0.0,0.0,0.0,-1.0,-1.0,0.049,0.376,0.208,0.367
0,sz150018,0.919,0.924,0.914,361568.0,153694.0,207874.0,0.919,4883.0,0.918,9991.0,0.917,3013.0,0.916,1606.0,0.915,905.0,0.92,1034.0,0.921,1923.0,0.922,3718.0,0.923,4877.0,0.924,11189.0,10.0,20150826104617,-0.005,-0.54,0.922,0.909,0.919,361568.0,3310.0,0.0,0.0,1.41,0.0,0.0,0.0,-1.0,-1.0,0.049,0.376,0.208,0.367
0,sz150018,0.919,0.924,0.914,361568.0,153694.0,207874.0,0.919,4883.0,0.918,9991.0,0.917,3013.0,0.916,1606.0,0.915,905.0,0.92,1034.0,0.921,1923.0,0.922,3718.0,0.923,4877.0,0.924,11189.0,10.0,20150826104620,-0.005,-0.54,0.922,0.909,0.919,361568.0,3310.0,0.0,0.0,1.41,0.0,0.0,0.0,-1.0,-1.0,0.049,0.376,0.208,0.367
0,sz150018,0.92,0.924,0.914,361968.0,154094.0,207874.0,0.919,4883.0,0.918,9991.0,0.917,3013.0,0.916,1606.0,0.915,905.0,0.92,634.0,0.921,1923.0,0.922,3718.0,0.923,4877.0,0.924,11189.0,10.0,20150826104629,-0.004,-0.43,0.922,0.909,0.919,361968.0,3314.0,0.0,0.0,1.41,0.0,0.0,0.0,-1.0,-1.0,0.049,0.376,0.208,0.367
0,sz150018,0.919,0.924,0.914,362268.0,154094.0,208174.0,0.919,4583.0,0.918,9991.0,0.917,3013.0,0.916,1606.0,0.915,905.0,0.92,1084.0,0.921,1923.0,0.922,3718.0,0.923,4877.0,0.924,11189.0,10.0,20150826104632,-0.005,-0.54,0.922,0.909,0.919,362268.0,3316.0,0.0,0.0,1.41,0.0,0.0,0.0,-1.0,-1.0,0.049,0.377,0.208,0.367
0,sz150018,0.919,0.924,0.914,362268.0,154094.0,208174.0,0.919,4583.0,0.918,9991.0,0.917,3013.0,0.916,1606.0,0.915,905.0,0.92,1084.0,0.921,1923.0,0.922,3718.0,0.923,4877.0,0.924,11189.0,10.0,20150826104638,-0.005,-0.54,0.922,0.909,0.919,362268.0,3316.0,0.0,0.0,1.41,0.0,0.0,0.0,-1.0,-1.0,0.049,0.377,0.208,0.367
0,sz150018,0.919,0.924,0.914,362268.0,154094.0,208174.0,0.919,4583.0,0.918,9991.0,0.917,3013.0,0.916,1606.0,0.915,905.0,0.92,1084.0,0.921,1923.0,0.922,3718.0,0.923,4877.0,0.924,11189.0,10.0,20150826104644,-0.005,-0.54,0.922,0.909,0.919,362268.0,3316.0,0.0,0.0,1.41,0.0,0.0,0.0,-1.0,-1.0,0.049,0.377,0.208,0.367
0,sz150018,0.919,0.924,0.914,362268.0,154094.0,208174.0,0.919,4583.0,0.918,10191.0,0.917,3013.0,0.916,1606.0,0.915,905.0,0.92,1184.0,0.921,1923.0,0.922,3718.0,0.923,4877.0,0.924,11189.0,10.0,20150826104656,-0.005,-0.54,0.922,0.909,0.919,362268.0,3316.0,0.0,0.0,1.41,0.0,0.0,0.0,-1.0,-1.0,0.049,0.377,0.208,0.367
0,sz150018,0.919,0.924,0.914,362268.0,154094.0,208174.0,0.919,4583.0,0.918,10191.0,0.917,3013.0,0.916,1606.0,0.915,905.0,0.92,1184.0,0.921,1923.0,0.922,3718.0,0.923,5077.0,0.924,11189.0,10.0,20150826104705,-0.005,-0.54,0.922,0.909,0.919,362268.0,3316.0,0.0,0.0,1.41,0.0,0.0,0.0,-1.0,-1.0,0.049,0.377,0.208,0.367
0,sz150018,0.919,0.924,0.914,362268.0,154094.0,208174.0,0.919,4583.0,0.918,10191.0,0.917,3013.0,0.916,1606.0,0.915,905.0,0.92,1184.0,0.921,1923.0,0.922,3718.0,0.923,5077.0,0.924,11189.0,10.0,20150826104708,-0.005,-0.54,0.922,0.909,0.919,362268.0,3316.0,0.0,0.0,1.41,0.0,0.0,0.0,-1.0,-1.0,0.049,0.377,0.208,0.367
0,sz150018,0.919,0.924,0.914,362268.0,154094.0,208174.0,0.919,4583.0,0.918,10191.0,0.917,3013.0,0.916,1606.0,0.915,905.0,0.92,1184.0,0.921,1923.0,0.922,3718.0,0.923,5077.0,0.924,11189.0,10.0,20150826104714,-0.005,-0.54,0.922,0.909,0.919,362268.0,3316.0,0.0,0.0,1.41,0.0,0.0,0.0,-1.0,-1.0,0.049,0.377,0.208,0.367
0,sz150018,0.92,0.924,0.914,363876.0,155702.0,208174.0,0.92,4855.0,0.919,4583.0,0.918,10191.0,0.917,3013.0,0.916,1606.0,0.921,1923.0,0.922,3718.0,0.923,5077.0,0.924,11199.0,0.925,12976.0,10.0,20150826104720,-0.004,-0.43,0.922,0.909,0.919,363876.0,3331.0,0.0,0.0,1.41,0.0,0.0,0.0,-1.0,-1.0,0.049,0.379,0.207,0.366
0,sz150018,0.92,0.924,0.914,363876.0,155702.0,208174.0,0.92,4855.0,0.919,4583.0,0.918,10191.0,0.917,3013.0,0.916,1606.0,0.921,2377.0,0.922,3718.0,0.923,5077.0,0.924,11199.0,0.925,12976.0,10.0,20150826104726,-0.004,-0.43,0.922,0.909,0.919,363876.0,3331.0,0.0,0.0,1.41,0.0,0.0,0.0,-1.0,-1.0,0.049,0.379,0.207,0.366
0,sz150018,0.92,0.924,0.914,363876.0,155702.0,208174.0,0.92,4855.0,0.919,4583.0,0.918,10191.0,0.917,3013.0,0.916,1606.0,0.921,2377.0,0.922,3718.0,0.923,5077.0,0.924,11199.0,0.925,12976.0,10.0,20150826104729,-0.004,-0.43,0.922,0.909,0.919,363876.0,3331.0,0.0,0.0,1.41,0.0,0.0,0.0,-1.0,-1.0,0.049,0.379,0.207,0.366
0,sz150018,0.919,0.924,0.914,370616.0,155702.0,214914.0,0.918,10191.0,0.917,3013.0,0.916,1606.0,0.915,905.0,0.914,1814.0,0.919,1260.0,0.921,2377.0,0.922,3718.0,0.923,5077.0,0.924,11199.0,10.0,20150826104738,-0.005,-0.54,0.922,0.909,0.919,370616.0,3393.0,0.0,0.0,1.41,0.0,0.0,0.0,-1.0,-1.0,0.048,0.372,0.203,0.377
0,sz150018,0.919,0.924,0.914,370920.0,156006.0,214914.0,0.918,10191.0,0.917,3013.0,0.916,1606.0,0.915,905.0,0.914,1814.0,0.919,956.0,0.921,1923.0,0.922,3718.0,0.923,5077.0,0.924,11199.0,10.0,20150826104744,-0.005,-0.54,0.922,0.909,0.919,370920.0,3396.0,0.0,0.0,1.41,0.0,0.0,0.0,-1.0,-1.0,0.048,0.373,0.203,0.377
0,sz150018,0.918,0.924,0.914,374285.0,156006.0,218278.0,0.918,6826.0,0.917,3013.0,0.916,1523.0,0.915,905.0,0.914,1814.0,0.919,956.0,0.921,1923.0,0.922,3718.0,0.923,5077.0,0.924,11199.0,10.0,20150826104747,-0.006,-0.65,0.922,0.909,0.919,374285.0,3427.0,0.0,0.0,1.41,0.0,0.0,0.0,-1.0,-1.0,0.047,0.37,0.201,0.382
0,sz150018,0.919,0.924,0.914,375241.0,156962.0,218278.0,0.919,145.0,0.918,6826.0,0.917,3013.0,0.916,1523.0,0.915,905.0,0.921,1923.0,0.922,3718.0,0.923,5077.0,0.924,11199.0,0.925,12759.0,10.0,20150826104753,-0.005,-0.54,0.922,0.909,0.919,375241.0,3436.0,0.0,0.0,1.41,0.0,0.0,0.0,-1.0,-1.0,0.047,0.371,0.2,0.381
0,sz150018,0.919,0.924,0.914,375241.0,156962.0,218278.0,0.919,145.0,0.918,6826.0,0.917,3013.0,0.916,1523.0,0.915,905.0,0.921,1923.0,0.922,3718.0,0.923,5077.0,0.924,11199.0,0.925,12759.0,10.0,20150826104759,-0.005,-0.54,0.922,0.909,0.919,375241.0,3436.0,0.0,0.0,1.41,0.0,0.0,0.0,-1.0,-1.0,0.047,0.371,0.2,0.381
0,sz150018,0.919,0.924,0.914,375241.0,156962.0,218278.0,0.919,445.0,0.918,6926.0,0.917,3013.0,0.916,1523.0,0.915,905.0,0.92,217.0,0.921,1923.0,0.922,3718.0,0.923,5077.0,0.924,11199.0,10.0,20150826104808,-0.005,-0.54,0.922,0.909,0.919,375241.0,3436.0,0.0,0.0,1.41,0.0,0.0,0.0,-1.0,-1.0,0.047,0.371,0.2,0.381
0,sz150018,0.919,0.924,0.914,375685.0,156962.0,218722.0,0.919,1.0,0.918,6926.0,0.917,3013.0,0.916,1523.0,0.915,905.0,0.92,222.0,0.921,1923.0,0.922,3718.0,0.923,5077.0,0.924,11199.0,10.0,20150826104814,-0.005,-0.54,0.922,0.909,0.919,375685.0,3440.0,0.0,0.0,1.41,0.0,0.0,0.0,-1.0,-1.0,0.047,0.371,0.2,0.382
0,sz150018,0.92,0.924,0.914,375697.0,156974.0,218722.0,0.919,1.0,0.918,6926.0,0.917,3013.0,0.916,1523.0,0.915,905.0,0.92,210.0,0.921,1923.0,0.922,3718.0,0.923,5077.0,0.924,11199.0,10.0,20150826104820,-0.004,-0.43,0.922,0.909,0.919,375697.0,3440.0,0.0,0.0,1.41,0.0,0.0,0.0,-1.0,-1.0,0.047,0.371,0.2,0.382
0,sz150018,0.92,0.924,0.914,375697.0,156974.0,218722.0,0.919,301.0,0.918,6926.0,0.917,3013.0,0.916,1523.0,0.915,905.0,0.92,210.0,0.921,1923.0,0.922,3718.0,0.923,5077.0,0.924,11199.0,10.0,20150826104826,-0.004,-0.43,0.922,0.909,0.919,375697.0,3440.0,0.0,0.0,1.41,0.0,0.0,0.0,-1.0,-1.0,0.047,0.371,0.2,0.382
0,sz150018,0.92,0.924,0.914,375697.0,156974.0,218722.0,0.919,301.0,0.918,6926.0,0.917,3013.0,0.916,1523.0,0.915,905.0,0.92,210.0,0.921,1923.0,0.922,3718.0,0.923,5077.0,0.924,11199.0,10.0,20150826104829,-0.004,-0.43,0.922,0.909,0.919,375697.0,3440.0,0.0,0.0,1.41,0.0,0.0,0.0,-1.0,-1.0,0.047,0.371,0.2,0.382
0,sz150018,0.92,0.924,0.914,375697.0,156974.0,218722.0,0.919,601.0,0.918,6926.0,0.917,3013.0,0.916,1523.0,0.915,905.0,0.92,210.0,0.921,1923.0,0.922,3718.0,0.923,5077.0,0.924,11199.0,10.0,20150826104841,-0.004,-0.43,0.922,0.909,0.919,375697.0,3440.0,0.0,0.0,1.41,0.0,0.0,0.0,-1.0,-1.0,0.047,0.371,0.2,0.382
0,sz150018,0.92,0.924,0.914,375697.0,156974.0,218722.0,0.919,601.0,0.918,6926.0,0.917,3013.0,0.916,1523.0,0.915,905.0,0.92,210.0,0.921,1923.0,0.922,3718.0,0.923,5077.0,0.924,11199.0,10.0,20150826104844,-0.004,-0.43,0.922,0.909,0.919,375697.0,3440.0,0.0,0.0,1.41,0.0,0.0,0.0,-1.0,-1.0,0.047,0.371,0.2,0.382
0,sz150018,0.92,0.924,0.914,375697.0,156974.0,218722.0,0.919,601.0,0.918,6926.0,0.917,3013.0,0.916,1523.0,0.915,905.0,0.92,210.0,0.921,1923.0,0.922,3718.0,0.923,5077.0,0.924,11199.0,10.0,20150826104850,-0.004,-0.43,0.922,0.909,0.919,375697.0,3440.0,0.0,0.0,1.41,0.0,0.0,0.0,-1.0,-1.0,0.047,0.371,0.2,0.382
0,sz150018,0.92,0.924,0.914,375697.0,156974.0,218722.0,0.919,601.0,0.918,6926.0,0.917,3013.0,0.916,1523.0,0.915,905.0,0.92,210.0,0.921,1923.0,0.922,3718.0,0.923,5077.0,0.924,11199.0,10.0,20150826104859,-0.004,-0.43,0.922,0.909,0.919,375697.0,3440.0,0.0,0.0,1.41,0.0,0.0,0.0,-1.0,-1.0,0.047,0.371,0.2,0.382
0,sz150018,0.92,0.924,0.914,375697.0,156974.0,218722.0,0.919,1790.0,0.918,6926.0,0.917,3013.0,0.916,1523.0,0.915,905.0,0.92,210.0,0.921,1923.0,0.922,3718.0,0.923,5077.0,0.924,11199.0,10.0,20150826104902,-0.004,-0.43,0.922,0.909,0.92,375697.0,3440.0,0.0,0.0,1.41,0.0,0.0,0.0,-1.0,-1.0,0.047,0.371,0.2,0.382
0,sz150018,0.92,0.924,0.914,375907.0,157184.0,218722.0,0.92,8.0,0.919,1790.0,0.918,6926.0,0.917,3013.0,0.916,1523.0,0.921,1923.0,0.922,3818.0,0.923,5077.0,0.924,11199.0,0.925,12759.0,10.0,20150826104911,-0.004,-0.43,0.922,0.909,0.92,375907.0,3442.0,0.0,0.0,1.41,0.0,0.0,0.0,-1.0,-1.0,0.047,0.371,0.2,0.382
0,sz150018,0.92,0.924,0.914,375907.0,157184.0,218722.0,0.92,8.0,0.919,1790.0,0.918,6926.0,0.917,3013.0,0.916,1523.0,0.921,2347.0,0.922,3818.0,0.923,5077.0,0.924,11199.0,0.925,12759.0,10.0,20150826104917,-0.004,-0.43,0.922,0.909,0.92,375907.0,3442.0,0.0,0.0,1.41,0.0,0.0,0.0,-1.0,-1.0,0.047,0.371,0.2,0.382
0,sz150018,0.92,0.924,0.914,375907.0,157184.0,218722.0,0.92,8.0,0.919,1790.0,0.918,6931.0,0.917,3013.0,0.916,1523.0,0.921,2347.0,0.922,3818.0,0.923,5077.0,0.924,11199.0,0.925,12759.0,10.0,20150826104923,-0.004,-0.43,0.922,0.909,0.92,375907.0,3442.0,0.0,0.0,1.41,0.0,0.0,0.0,-1.0,-1.0,0.047,0.371,0.2,0.382
0,sz150018,0.92,0.924,0.914,375907.0,157184.0,218722.0,0.92,8.0,0.919,1790.0,0.918,6931.0,0.917,3013.0,0.916,1523.0,0.921,2347.0,0.922,3818.0,0.923,5077.0,0.924,11199.0,0.925,12759.0,10.0,20150826104932,-0.004,-0.43,0.922,0.909,0.92,375907.0,3442.0,0.0,0.0,1.41,0.0,0.0,0.0,-1.0,-1.0,0.047,0.371,0.2,0.382
0,sz150018,0.92,0.924,0.914,375907.0,157184.0,218722.0,0.92,8.0,0.919,1790.0,0.918,6931.0,0.917,3013.0,0.916,1523.0,0.921,2347.0,0.922,3818.0,0.923,5077.0,0.924,11199.0,0.925,12759.0,10.0,20150826104938,-0.004,-0.43,0.922,0.909,0.92,375907.0,3442.0,0.0,0.0,1.41,0.0,0.0,0.0,-1.0,-1.0,0.047,0.371,0.2,0.382
0,sz150018,0.921,0.924,0.914,377915.0,159162.0,218752.0,0.92,978.0,0.919,1790.0,0.918,6931.0,0.917,3013.0,0.916,1523.0,0.921,369.0,0.922,3818.0,0.923,5077.0,0.924,11199.0,0.925,12759.0,10.0,20150826104944,-0.003,-0.32,0.922,0.909,0.92,377915.0,3460.0,0.0,0.0,1.41,0.0,0.0,0.0,-1.0,-1.0,0.047,0.371,0.2,0.382
0,sz150018,0.92,0.924,0.914,378389.0,159162.0,219226.0,0.92,504.0,0.919,1790.0,0.918,6931.0,0.917,3013.0,0.916,1523.0,0.921,369.0,0.922,3818.0,0.923,5077.0,0.924,11199.0,0.925,12759.0,10.0,20150826104953,-0.004,-0.43,0.922,0.909,0.92,378389.0,3465.0,0.0,0.0,1.41,0.0,0.0,0.0,-1.0,-1.0,0.047,0.374,0.199,0.381
0,sz150018,0.92,0.924,0.914,378389.0,159162.0,219226.0,0.92,504.0,0.919,1790.0,0.918,6931.0,0.917,3013.0,0.916,1523.0,0.921,369.0,0.922,3818.0,0.923,5077.0,0.924,11199.0,0.925,12759.0,10.0,20150826104959,-0.004,-0.43,0.922,0.909,0.92,378389.0,3465.0,0.0,0.0,1.41,0.0,0.0,0.0,-1.0,-1.0,0.047,0.374,0.199,0.381
0,sz150018,0.92,0.924,0.914,378389.0,159162.0,219226.0,0.92,504.0,0.919,1790.0,0.918,6931.0,0.917,3013.0,0.916,1523.0,0.922,3818.0,0.923,5077.0,0.924,11199.0,0.925,12759.0,0.926,6260.0,10.0,20150826105002,-0.004,-0.43,0.922,0.909,0.92,378389.0,3465.0,0.0,0.0,1.41,0.0,0.0,0.0,-1.0,-1.0,0.047,0.373,0.199,0.381
0,sz150018,0.92,0.924,0.914,379393.0,159162.0,220230.0,0.919,1790.0,0.918,6931.0,0.917,3013.0,0.916,1523.0,0.915,905.0,0.92,6574.0,0.922,3818.0,0.923,5077.0,0.924,11199.0,0.925,12759.0,10.0,20150826105017,-0.004,-0.43,0.922,0.909,0.92,379393.0,3474.0,0.0,0.0,1.41,0.0,0.0,0.0,-1.0,-1.0,0.047,0.373,0.198,0.382
0,sz150018,0.92,0.924,0.914,379393.0,159162.0,220230.0,0.919,1790.0,0.918,6931.0,0.917,3013.0,0.916,1523.0,0.915,905.0,0.92,7019.0,0.922,3818.0,0.923,5077.0,0.924,11199.0,0.925,12759.0,10.0,20150826105023,-0.004,-0.43,0.922,0.909,0.92,379393.0,3474.0,0.0,0.0,1.41,0.0,0.0,0.0,-1.0,-1.0,0.047,0.373,0.198,0.382
0,sz150018,0.919,0.924,0.914,379893.0,159162.0,220730.0,0.919,1290.0,0.918,6931.0,0.917,3013.0,0.916,1523.0,0.915,905.0,0.92,7019.0,0.922,3818.0,0.923,5077.0,0.924,11199.0,0.925,12759.0,10.0,20150826105032,-0.005,-0.54,0.922,0.909,0.92,379893.0,3478.0,0.0,0.0,1.41,0.0,0.0,0.0,-1.0,-1.0,0.046,0.372,0.198,0.383
0,sz150018,0.92,0.924,0.914,385130.0,164400.0,220730.0,0.919,1290.0,0.918,6931.0,0.917,3013.0,0.916,1523.0,0.915,905.0,0.92,1417.0,0.922,3818.0,0.923,5077.0,0.924,11199.0,0.925,12759.0,10.0,20150826105038,-0.004,-0.43,0.922,0.909,0.92,385130.0,3527.0,0.0,0.0,1.41,0.0,0.0,0.0,-1.0,-1.0,0.046,0.381,0.195,0.379
0,sz150018,0.918,0.924,0.914,387607.0,164400.0,223208.0,0.918,5744.0,0.917,3013.0,0.916,1523.0,0.915,905.0,0.914,1814.0,0.92,1417.0,0.922,4088.0,0.923,5077.0,0.924,11199.0,0.925,12759.0,10.0,20150826105047,-0.006,-0.65,0.922,0.909,0.92,387607.0,3549.0,0.0,0.0,1.41,0.0,0.0,0.0,-1.0,-1.0,0.046,0.378,0.194,0.382
0,sz150018,0.918,0.924,0.914,387607.0,164400.0,223208.0,0.918,5744.0,0.917,3013.0,0.916,1523.0,0.915,905.0,0.914,1814.0,0.92,1849.0,0.922,4088.0,0.923,5077.0,0.924,11199.0,0.925,12759.0,10.0,20150826105053,-0.006,-0.65,0.922,0.909,0.92,387607.0,3549.0,0.0,0.0,1.41,0.0,0.0,0.0,-1.0,-1.0,0.046,0.378,0.194,0.382
0,sz150018,0.918,0.924,0.914,387607.0,164400.0,223208.0,0.918,5744.0,0.917,3013.0,0.916,1523.0,0.915,905.0,0.914,1814.0,0.92,2313.0,0.922,4088.0,0.923,5077.0,0.924,11199.0,0.925,12759.0,10.0,20150826105059,-0.006,-0.65,0.922,0.909,0.92,387607.0,3549.0,0.0,0.0,1.41,0.0,0.0,0.0,-1.0,-1.0,0.046,0.378,0.194,0.382
0,sz150018,0.918,0.924,0.914,387607.0,164400.0,223208.0,0.918,2715.0,0.917,3013.0,0.916,1523.0,0.915,905.0,0.914,1814.0,0.92,2313.0,0.922,4088.0,0.923,5077.0,0.924,11199.0,0.925,12759.0,10.0,20150826105108,-0.006,-0.65,0.922,0.909,0.918,387607.0,3549.0,0.0,0.0,1.41,0.0,0.0,0.0,-1.0,-1.0,0.046,0.378,0.194,0.382
0,sz150018,0.918,0.924,0.914,387607.0,164400.0,223208.0,0.918,2715.0,0.917,3023.0,0.916,1523.0,0.915,905.0,0.914,1814.0,0.92,2313.0,0.922,4088.0,0.923,5077.0,0.924,11199.0,0.925,12759.0,10.0,20150826105114,-0.006,-0.65,0.922,0.909,0.918,387607.0,3549.0,0.0,0.0,1.41,0.0,0.0,0.0,-1.0,-1.0,0.046,0.378,0.194,0.382
0,sz150018,0.92,0.924,0.914,387613.0,164406.0,223208.0,0.918,2715.0,0.917,3023.0,0.916,1523.0,0.915,905.0,0.914,1814.0,0.92,2307.0,0.922,4088.0,0.923,5077.0,0.924,11199.0,0.925,12759.0,10.0,20150826105123,-0.004,-0.43,0.922,0.909,0.918,387613.0,3549.0,0.0,0.0,1.41,0.0,0.0,0.0,-1.0,-1.0,0.046,0.379,0.194,0.382
0,sz150018,0.92,0.924,0.914,387613.0,164406.0,223208.0,0.918,2715.0,0.917,3123.0,0.916,1523.0,0.915,905.0,0.914,1814.0,0.92,3500.0,0.922,4088.0,0.923,5077.0,0.924,11199.0,0.925,12759.0,10.0,20150826105132,-0.004,-0.43,0.922,0.909,0.918,387613.0,3549.0,0.0,0.0,1.41,0.0,0.0,0.0,-1.0,-1.0,0.046,0.379,0.194,0.382
0,sz150018,0.92,0.924,0.914,387613.0,164406.0,223208.0,0.918,2715.0,0.917,3123.0,0.916,1523.0,0.915,905.0,0.914,1814.0,0.919,500.0,0.92,3500.0,0.922,4088.0,0.923,5077.0,0.924,11199.0,10.0,20150826105138,-0.004,-0.43,0.922,0.909,0.918,387613.0,3549.0,0.0,0.0,1.41,0.0,0.0,0.0,-1.0,-1.0,0.045,0.382,0.193,0.38
0,sz150018,0.918,0.924,0.914,390527.0,166406.0,224122.0,0.918,2083.0,0.917,3123.0,0.916,1523.0,0.915,905.0,0.914,1814.0,0.92,1657.0,0.922,4088.0,0.923,5077.0,0.924,10035.0,0.925,12759.0,10.0,20150826105147,-0.006,-0.65,0.922,0.909,0.918,390527.0,3576.0,0.0,0.0,1.41,0.0,0.0,0.0,-1.0,-1.0,0.045,0.381,0.193,0.381
0,sz150018,0.918,0.924,0.914,391027.0,166406.0,224622.0,0.918,1583.0,0.917,3123.0,0.916,1523.0,0.915,905.0,0.914,1814.0,0.92,1657.0,0.922,4088.0,0.923,5077.0,0.924,10035.0,0.925,12759.0,10.0,20150826105153,-0.006,-0.65,0.922,0.909,0.918,391027.0,3581.0,0.0,0.0,1.41,0.0,0.0,0.0,-1.0,-1.0,0.045,0.381,0.193,0.381
0,sz150018,0.918,0.924,0.914,391227.0,166406.0,224822.0,0.919,350.0,0.918,1383.0,0.917,3123.0,0.916,1523.0,0.915,905.0,0.92,2084.0,0.922,5252.0,0.923,5077.0,0.924,10035.0,0.925,12759.0,10.0,20150826105202,-0.006,-0.65,0.922,0.909,0.918,391227.0,3583.0,0.0,0.0,1.41,0.0,0.0,0.0,-1.0,-1.0,0.045,0.38,0.192,0.383
0,sz150018,0.918,0.924,0.914,391227.0,166406.0,224822.0,0.919,350.0,0.918,1383.0,0.917,3123.0,0.916,1523.0,0.915,905.0,0.92,2084.0,0.922,5252.0,0.923,5077.0,0.924,10035.0,0.925,12759.0,10.0,20150826105208,-0.006,-0.65,0.922,0.909,0.918,391227.0,3583.0,0.0,0.0,1.41,0.0,0.0,0.0,-1.0,-1.0,0.045,0.38,0.192,0.383
0,sz150018,0.918,0.924,0.914,391227.0,166406.0,224822.0,0.919,350.0,0.918,1383.0,0.917,3123.0,0.916,1523.0,0.915,905.0,0.92,2084.0,0.922,5252.0,0.923,5077.0,0.924,10035.0,0.925,12759.0,10.0,20150826105217,-0.006,-0.65,0.922,0.909,0.918,391227.0,3583.0,0.0,0.0,1.41,0.0,0.0,0.0,-1.0,-1.0,0.045,0.38,0.192,0.383
0,sz150018,0.918,0.924,0.914,391227.0,166406.0,224822.0,0.919,350.0,0.918,1383.0,0.917,3123.0,0.916,1523.0,0.915,905.0,0.92,2084.0,0.922,5252.0,0.923,5077.0,0.924,10035.0,0.925,12759.0,10.0,20150826105223,-0.006,-0.65,0.922,0.909,0.918,391227.0,3583.0,0.0,0.0,1.41,0.0,0.0,0.0,-1.0,-1.0,0.045,0.383,0.191,0.381
0,sz150018,0.918,0.924,0.914,393727.0,168406.0,225322.0,0.918,2229.0,0.917,3123.0,0.916,1523.0,0.915,905.0,0.914,1814.0,0.919,667.0,0.922,5252.0,0.923,5077.0,0.924,10035.0,0.925,12759.0,10.0,20150826105232,-0.006,-0.65,0.922,0.909,0.918,393727.0,3606.0,0.0,0.0,1.41,0.0,0.0,0.0,-1.0,-1.0,0.045,0.383,0.191,0.381
0,sz150018,0.918,0.924,0.914,393727.0,168406.0,225322.0,0.918,2229.0,0.917,3123.0,0.916,1523.0,0.915,905.0,0.914,1814.0,0.922,5252.0,0.923,5077.0,0.924,10035.0,0.925,12759.0,0.926,6260.0,10.0,20150826105241,-0.006,-0.65,0.922,0.909,0.918,393727.0,3606.0,0.0,0.0,1.41,0.0,0.0,0.0,-1.0,-1.0,0.045,0.382,0.191,0.383
0,sz150018,0.918,0.924,0.914,394608.0,168406.0,226202.0,0.918,1518.0,0.917,3123.0,0.916,1523.0,0.915,905.0,0.914,1370.0,0.922,5252.0,0.923,5077.0,0.924,10035.0,0.925,12759.0,0.926,6260.0,10.0,20150826105250,-0.006,-0.65,0.922,0.909,0.918,394608.0,3614.0,0.0,0.0,1.41,0.0,0.0,0.0,-1.0,-1.0,0.045,0.382,0.191,0.383
0,sz150018,0.918,0.924,0.914,394608.0,168406.0,226202.0,0.918,1627.0,0.917,3123.0,0.916,1523.0,0.915,905.0,0.914,1370.0,0.922,5402.0,0.923,5077.0,0.924,10035.0,0.925,12759.0,0.926,6260.0,10.0,20150826105259,-0.006,-0.65,0.922,0.909,0.918,394608.0,3614.0,0.0,0.0,1.41,0.0,0.0,0.0,-1.0,-1.0,0.045,0.382,0.191,0.383
0,sz150018,0.918,0.924,0.914,394608.0,168406.0,226202.0,0.918,1627.0,0.917,3123.0,0.916,1523.0,0.915,905.0,0.914,1370.0,0.922,5402.0,0.923,5077.0,0.924,10035.0,0.925,12759.0,0.926,6260.0,10.0,20150826105305,-0.006,-0.65,0.922,0.909,0.918,394608.0,3614.0,0.0,0.0,1.41,0.0,0.0,0.0,-1.0,-1.0,0.045,0.382,0.191,0.383
0,sz150018,0.918,0.924,0.914,394608.0,168406.0,226202.0,0.919,200.0,0.918,1820.0,0.917,6155.0,0.916,1523.0,0.915,905.0,0.922,5402.0,0.923,5077.0,0.924,10035.0,0.925,12759.0,0.926,6260.0,10.0,20150826105314,-0.006,-0.65,0.922,0.909,0.918,394608.0,3614.0,0.0,0.0,1.41,0.0,0.0,0.0,-1.0,-1.0,0.045,0.382,0.191,0.383
0,sz150018,0.918,0.924,0.914,394608.0,168406.0,226202.0,0.919,393.0,0.918,1627.0,0.917,6155.0,0.916,1523.0,0.915,905.0,0.922,5402.0,0.923,5077.0,0.924,10035.0,0.925,12759.0,0.926,6260.0,10.0,20150826105323,-0.006,-0.65,0.922,0.909,0.918,394608.0,3614.0,0.0,0.0,1.41,0.0,0.0,0.0,-1.0,-1.0,0.045,0.382,0.191,0.383
0,sz150018,0.918,0.924,0.914,394608.0,168406.0,226202.0,0.919,393.0,0.918,1627.0,0.917,6155.0,0.916,1523.0,0.915,905.0,0.922,5402.0,0.923,5077.0,0.924,10035.0,0.925,12759.0,0.926,6260.0,10.0,20150826105332,-0.006,-0.65,0.922,0.909,0.918,394608.0,3614.0,0.0,0.0,1.41,0.0,0.0,0.0,-1.0,-1.0,0.045,0.382,0.191,0.383
0,sz150018,0.918,0.924,0.914,394608.0,168406.0,226202.0,0.919,393.0,0.918,1627.0,0.917,6155.0,0.916,1523.0,0.915,905.0,0.922,5402.0,0.923,5077.0,0.924,10035.0,0.925,12759.0,0.926,6260.0,10.0,20150826105338,-0.006,-0.65,0.922,0.909,0.918,394608.0,3614.0,0.0,0.0,1.41,0.0,0.0,0.0,-1.0,-1.0,0.045,0.382,0.191,0.383
0,sz150018,0.918,0.924,0.914,394608.0,168406.0,226202.0,0.919,393.0,0.918,1627.0,0.917,6155.0,0.916,1523.0,0.915,905.0,0.922,5402.0,0.923,5077.0,0.924,10035.0,0.925,12759.0,0.926,6260.0,10.0,20150826105350,-0.006,-0.65,0.922,0.909,0.918,394608.0,3614.0,0.0,0.0,1.41,0.0,0.0,0.0,-1.0,-1.0,0.045,0.382,0.191,0.383
0,sz150018,0.918,0.924,0.914,394608.0,168406.0,226202.0,0.919,393.0,0.918,1627.0,0.917,6155.0,0.916,1523.0,0.915,905.0,0.922,5402.0,0.923,5077.0,0.924,10035.0,0.925,12759.0,0.926,6260.0,10.0,20150826105356,-0.006,-0.65,0.922,0.909,0.918,394608.0,3614.0,0.0,0.0,1.41,0.0,0.0,0.0,-1.0,-1.0,0.045,0.382,0.191,0.383
0,sz150018,0.919,0.924,0.914,394685.0,168406.0,226280.0,0.919,316.0,0.918,1627.0,0.917,6165.0,0.916,1523.0,0.915,905.0,0.922,5402.0,0.923,5077.0,0.924,10035.0,0.925,12759.0,0.926,6260.0,10.0,20150826105405,-0.005,-0.54,0.922,0.909,0.918,394685.0,3614.0,0.0,0.0,1.41,0.0,0.0,0.0,-1.0,-1.0,0.045,0.382,0.191,0.383
0,sz150018,0.919,0.924,0.914,394685.0,168406.0,226280.0,0.919,316.0,0.918,1627.0,0.917,6165.0,0.916,1523.0,0.915,1038.0,0.922,5858.0,0.923,5077.0,0.924,10035.0,0.925,12759.0,0.926,6260.0,10.0,20150826105414,-0.005,-0.54,0.922,0.909,0.918,394685.0,3614.0,0.0,0.0,1.41,0.0,0.0,0.0,-1.0,-1.0,0.045,0.382,0.191,0.383
0,sz150018,0.919,0.924,0.914,394685.0,168406.0,226280.0,0.919,316.0,0.918,1627.0,0.917,6175.0,0.916,1523.0,0.915,1038.0,0.922,5858.0,0.923,5077.0,0.924,10035.0,0.925,12759.0,0.926,6260.0,10.0,20150826105420,-0.005,-0.54,0.922,0.909,0.918,394685.0,3614.0,0.0,0.0,1.41,0.0,0.0,0.0,-1.0,-1.0,0.045,0.382,0.191,0.383
0,sz150018,0.919,0.924,0.914,394685.0,168406.0,226280.0,0.919,316.0,0.918,1627.0,0.917,6175.0,0.916,1523.0,0.915,1038.0,0.921,242.0,0.922,5858.0,0.923,5077.0,0.924,10035.0,0.925,12759.0,10.0,20150826105429,-0.005,-0.54,0.922,0.909,0.918,394685.0,3614.0,0.0,0.0,1.41,0.0,0.0,0.0,-1.0,-1.0,0.045,0.382,0.19,0.383
0,sz150018,0.919,0.924,0.914,394912.0,168406.0,226506.0,0.919,89.0,0.918,1627.0,0.917,6175.0,0.916,1523.0,0.915,1038.0,0.921,698.0,0.922,5402.0,0.923,5077.0,0.924,5710.0,0.925,12759.0,10.0,20150826105438,-0.005,-0.54,0.922,0.909,0.918,394912.0,3617.0,0.0,0.0,1.41,0.0,0.0,0.0,-1.0,-1.0,0.045,0.382,0.19,0.383
0,sz150018,0.919,0.924,0.914,394912.0,168406.0,226506.0,0.919,89.0,0.918,1627.0,0.917,6185.0,0.916,1523.0,0.915,1038.0,0.921,698.0,0.922,5402.0,0.923,5077.0,0.924,5710.0,0.925,12759.0,10.0,20150826105447,-0.005,-0.54,0.922,0.909,0.918,394912.0,3617.0,0.0,0.0,1.41,0.0,0.0,0.0,-1.0,-1.0,0.045,0.382,0.19,0.383
0,sz150018,0.919,0.924,0.914,394912.0,168406.0,226506.0,0.919,89.0,0.918,1627.0,0.917,6185.0,0.916,1523.0,0.915,1038.0,0.921,698.0,0.922,5402.0,0.923,5077.0,0.924,5710.0,0.925,12759.0,10.0,20150826105456,-0.005,-0.54,0.922,0.909,0.918,394912.0,3617.0,0.0,0.0,1.41,0.0,0.0,0.0,-1.0,-1.0,0.045,0.382,0.19,0.383
0,sz150018,0.919,0.924,0.914,394912.0,168406.0,226506.0,0.919,89.0,0.918,1627.0,0.917,6185.0,0.916,1523.0,0.915,1038.0,0.921,698.0,0.922,5402.0,0.923,5077.0,0.924,5710.0,0.925,12759.0,10.0,20150826105505,-0.005,-0.54,0.922,0.909,0.918,394912.0,3617.0,0.0,0.0,1.41,0.0,0.0,0.0,-1.0,-1.0,0.045,0.382,0.19,0.383
0,sz150018,0.919,0.924,0.914,394912.0,168406.0,226506.0,0.919,89.0,0.918,1627.0,0.917,6185.0,0.916,1523.0,0.915,1038.0,0.921,698.0,0.922,5402.0,0.923,5077.0,0.924,5710.0,0.925,12759.0,10.0,20150826105514,-0.005,-0.54,0.922,0.909,0.918,394912.0,3617.0,0.0,0.0,1.41,0.0,0.0,0.0,-1.0,-1.0,0.045,0.382,0.19,0.383
0,sz150018,0.919,0.924,0.914,394912.0,168406.0,226506.0,0.919,89.0,0.918,1627.0,0.917,6185.0,0.916,1523.0,0.915,1038.0,0.921,698.0,0.922,5402.0,0.923,5077.0,0.924,5710.0,0.925,12759.0,10.0,20150826105523,-0.005,-0.54,0.922,0.909,0.918,394912.0,3617.0,0.0,0.0,1.41,0.0,0.0,0.0,-1.0,-1.0,0.045,0.382,0.19,0.383
0,sz150018,0.919,0.924,0.914,394912.0,168406.0,226506.0,0.919,89.0,0.918,1627.0,0.917,6185.0,0.916,1523.0,0.915,1038.0,0.921,698.0,0.922,5402.0,0.923,5077.0,0.924,5710.0,0.925,12759.0,10.0,20150826105529,-0.005,-0.54,0.922,0.909,0.918,394912.0,3617.0,0.0,0.0,1.41,0.0,0.0,0.0,-1.0,-1.0,0.045,0.382,0.19,0.383
0,sz150018,0.919,0.924,0.914,394912.0,168406.0,226506.0,0.919,89.0,0.918,1457.0,0.917,6185.0,0.916,1523.0,0.915,1038.0,0.921,698.0,0.922,5402.0,0.923,5077.0,0.924,5710.0,0.925,12759.0,10.0,20150826105541,-0.005,-0.54,0.922,0.909,0.919,394912.0,3617.0,0.0,0.0,1.41,0.0,0.0,0.0,-1.0,-1.0,0.045,0.382,0.19,0.383
0,sz150018,0.919,0.924,0.914,394912.0,168406.0,226506.0,0.919,89.0,0.918,1457.0,0.917,6185.0,0.916,1523.0,0.915,1038.0,0.921,698.0,0.922,5402.0,0.923,5077.0,0.924,5710.0,0.925,12759.0,10.0,20150826105550,-0.005,-0.54,0.922,0.909,0.919,394912.0,3617.0,0.0,0.0,1.41,0.0,0.0,0.0,-1.0,-1.0,0.045,0.382,0.19,0.383
0,sz150018,0.919,0.924,0.914,394912.0,168406.0,226506.0,0.919,89.0,0.918,1757.0,0.917,6185.0,0.916,1523.0,0.915,1038.0,0.921,698.0,0.922,5402.0,0.923,5077.0,0.924,5710.0,0.925,12759.0,10.0,20150826105559,-0.005,-0.54,0.922,0.909,0.919,394912.0,3617.0,0.0,0.0,1.41,0.0,0.0,0.0,-1.0,-1.0,0.045,0.382,0.19,0.383
0,sz150018,0.919,0.924,0.914,394912.0,168406.0,226506.0,0.919,270.0,0.918,1757.0,0.917,6185.0,0.916,1523.0,0.915,1038.0,0.921,698.0,0.922,5402.0,0.923,5077.0,0.924,5710.0,0.925,12759.0,10.0,20150826105608,-0.005,-0.54,0.922,0.909,0.919,394912.0,3617.0,0.0,0.0,1.41,0.0,0.0,0.0,-1.0,-1.0,0.045,0.382,0.19,0.383
0,sz150018,0.919,0.924,0.914,394912.0,168406.0,226506.0,0.919,270.0,0.918,1757.0,0.917,6185.0,0.916,1523.0,0.915,1038.0,0.921,698.0,0.922,5502.0,0.923,5077.0,0.924,5710.0,0.925,12759.0,10.0,20150826105617,-0.005,-0.54,0.922,0.909,0.919,394912.0,3617.0,0.0,0.0,1.41,0.0,0.0,0.0,-1.0,-1.0,0.045,0.382,0.19,0.383
0,sz150018,0.918,0.924,0.914,395412.0,168406.0,227006.0,0.918,1527.0,0.917,6185.0,0.916,1523.0,0.915,1038.0,0.914,1370.0,0.921,698.0,0.922,5502.0,0.923,5077.0,0.924,5710.0,0.925,12759.0,10.0,20150826105626,-0.006,-0.65,0.922,0.909,0.919,395412.0,3621.0,0.0,0.0,1.41,0.0,0.0,0.0,-1.0,-1.0,0.045,0.381,0.19,0.384
0,sz150018,0.918,0.924,0.914,395412.0,168406.0,227006.0,0.918,1227.0,0.917,6185.0,0.916,1523.0,0.915,1038.0,0.914,1370.0,0.921,698.0,0.922,5502.0,0.923,5077.0,0.924,5710.0,0.925,12759.0,10.0,20150826105635,-0.006,-0.65,0.922,0.909,0.919,395412.0,3621.0,0.0,0.0,1.41,0.0,0.0,0.0,-1.0,-1.0,0.045,0.381,0.19,0.384
0,sz150018,0.918,0.924,0.914,395412.0,168406.0,227006.0,0.918,1227.0,0.917,6185.0,0.916,1523.0,0.915,1038.0,0.914,1370.0,0.92,5.0,0.921,698.0,0.922,9759.0,0.923,5077.0,0.924,5710.0,10.0,20150826105644,-0.006,-0.65,0.922,0.909,0.919,395412.0,3621.0,0.0,0.0,1.41,0.0,0.0,0.0,-1.0,-1.0,0.045,0.381,0.19,0.384
0,sz150018,0.919,0.924,0.914,395575.0,168568.0,227006.0,0.918,1227.0,0.917,6185.0,0.916,1523.0,0.915,1038.0,0.914,1370.0,0.919,1837.0,0.92,7.0,0.921,698.0,0.922,9759.0,0.923,5077.0,10.0,20150826105653,-0.005,-0.54,0.922,0.909,0.919,395575.0,3623.0,0.0,0.0,1.41,0.0,0.0,0.0,-1.0,-1.0,0.045,0.381,0.19,0.384
0,sz150018,0.919,0.924,0.914,397853.0,170846.0,227006.0,0.919,121.0,0.918,1727.0,0.917,6185.0,0.916,1523.0,0.915,1038.0,0.92,7.0,0.921,242.0,0.922,9759.0,0.923,5077.0,0.924,5710.0,10.0,20150826105702,-0.005,-0.54,0.922,0.909,0.919,397853.0,3644.0,0.0,0.0,1.41,0.0,0.0,0.0,-1.0,-1.0,0.044,0.385,0.189,0.382
0,sz150018,0.918,0.924,0.914,398095.0,170846.0,227248.0,0.918,1606.0,0.917,6185.0,0.916,1523.0,0.915,1038.0,0.914,1370.0,0.92,526.0,0.921,242.0,0.922,9759.0,0.923,5077.0,0.924,5710.0,10.0,20150826105711,-0.006,-0.65,0.922,0.909,0.919,398095.0,3646.0,0.0,0.0,1.41,0.0,0.0,0.0,-1.0,-1.0,0.044,0.385,0.189,0.382
0,sz150018,0.918,0.924,0.914,398095.0,170846.0,227248.0,0.919,4000.0,0.918,1606.0,0.917,6185.0,0.916,1523.0,0.915,1038.0,0.92,526.0,0.921,242.0,0.922,9759.0,0.923,5077.0,0.924,5710.0,10.0,20150826105720,-0.006,-0.65,0.922,0.909,0.919,398095.0,3646.0,0.0,0.0,1.41,0.0,0.0,0.0,-1.0,-1.0,0.044,0.385,0.189,0.382
0,sz150018,0.918,0.924,0.914,398095.0,170846.0,227248.0,0.919,4000.0,0.918,1606.0,0.917,6185.0,0.916,1523.0,0.915,1038.0,0.92,526.0,0.921,242.0,0.922,9759.0,0.923,5077.0,0.924,5710.0,10.0,20150826105732,-0.006,-0.65,0.922,0.909,0.919,398095.0,3646.0,0.0,0.0,1.41,0.0,0.0,0.0,-1.0,-1.0,0.044,0.384,0.189,0.383
0,sz150018,0.919,0.924,0.914,399095.0,170846.0,228248.0,0.919,3000.0,0.918,1606.0,0.917,6185.0,0.916,1523.0,0.915,1038.0,0.92,526.0,0.921,242.0,0.922,9759.0,0.923,5077.0,0.924,5710.0,10.0,20150826105741,-0.005,-0.54,0.922,0.909,0.919,399095.0,3655.0,0.0,0.0,1.41,0.0,0.0,0.0,-1.0,-1.0,0.044,0.384,0.188,0.384
0,sz150018,0.919,0.924,0.914,400542.0,170846.0,229696.0,0.919,1553.0,0.918,1606.0,0.917,6185.0,0.916,1523.0,0.915,1038.0,0.92,7.0,0.921,2642.0,0.922,9759.0,0.923,5077.0,0.924,5710.0,10.0,20150826105750,-0.005,-0.54,0.922,0.909,0.919,400542.0,3668.0,0.0,0.0,1.41,0.0,0.0,0.0,-1.0,-1.0,0.044,0.382,0.188,0.386
0,sz150018,0.919,0.924,0.914,402042.0,170846.0,231196.0,0.919,53.0,0.918,1606.0,0.917,6185.0,0.916,1523.0,0.915,1038.0,0.92,464.0,0.921,2642.0,0.922,9759.0,0.923,5077.0,0.924,5710.0,10.0,20150826105759,-0.005,-0.54,0.922,0.909,0.919,402042.0,3682.0,0.0,0.0,1.41,0.0,0.0,0.0,-1.0,-1.0,0.044,0.381,0.187,0.388
0,sz150018,0.918,0.924,0.914,402148.0,170846.0,231302.0,0.918,1553.0,0.917,6185.0,0.916,1523.0,0.915,1038.0,0.914,1370.0,0.92,507.0,0.921,2642.0,0.922,9759.0,0.923,5077.0,0.924,5710.0,10.0,20150826105808,-0.006,-0.65,0.922,0.909,0.919,402148.0,3683.0,0.0,0.0,1.41,0.0,0.0,0.0,-1.0,-1.0,0.044,0.381,0.187,0.388
0,sz150018,0.918,0.924,0.914,402794.0,170846.0,231948.0,0.918,1907.0,0.917,6185.0,0.916,1523.0,0.915,1038.0,0.914,1370.0,0.92,807.0,0.921,242.0,0.922,9759.0,0.923,5077.0,0.924,5710.0,10.0,20150826105817,-0.006,-0.65,0.922,0.909,0.919,402794.0,3689.0,0.0,0.0,1.41,0.0,0.0,0.0,-1.0,-1.0,0.044,0.38,0.187,0.389
0,sz150018,0.918,0.924,0.914,402794.0,170846.0,231948.0,0.918,1907.0,0.917,6185.0,0.916,1523.0,0.915,1038.0,0.914,1370.0,0.92,1267.0,0.921,242.0,0.922,9759.0,0.923,5077.0,0.924,5710.0,10.0,20150826105826,-0.006,-0.65,0.922,0.909,0.919,402794.0,3689.0,0.0,0.0,1.41,0.0,0.0,0.0,-1.0,-1.0,0.044,0.38,0.187,0.389
0,sz150018,0.918,0.924,0.914,402794.0,170846.0,231948.0,0.918,1907.0,0.917,6185.0,0.916,1523.0,0.915,1038.0,0.914,1370.0,0.92,1267.0,0.921,242.0,0.922,9759.0,0.923,5077.0,0.924,5710.0,10.0,20150826105835,-0.006,-0.65,0.922,0.909,0.919,402794.0,3689.0,0.0,0.0,1.41,0.0,0.0,0.0,-1.0,-1.0,0.044,0.38,0.187,0.389
0,sz150018,0.918,0.924,0.914,402794.0,170846.0,231948.0,0.918,1907.0,0.917,6185.0,0.916,1523.0,0.915,1038.0,0.914,1370.0,0.92,1267.0,0.921,242.0,0.922,9759.0,0.923,5077.0,0.924,5710.0,10.0,20150826105847,-0.006,-0.65,0.922,0.909,0.919,402794.0,3689.0,0.0,0.0,1.41,0.0,0.0,0.0,-1.0,-1.0,0.044,0.38,0.187,0.389
0,sz150018,0.918,0.924,0.914,403635.0,170846.0,232788.0,0.918,1066.0,0.917,6185.0,0.916,1523.0,0.915,1038.0,0.914,1370.0,0.92,1267.0,0.921,242.0,0.922,9759.0,0.923,5077.0,0.924,5710.0,10.0,20150826105856,-0.006,-0.65,0.922,0.909,0.919,403635.0,3697.0,0.0,0.0,1.41,0.0,0.0,0.0,-1.0,-1.0,0.044,0.379,0.186,0.391
0,sz150018,0.918,0.924,0.914,403635.0,170846.0,232788.0,0.918,1066.0,0.917,6185.0,0.916,1523.0,0.915,1038.0,0.914,1370.0,0.92,807.0,0.922,9759.0,0.923,5077.0,0.924,5710.0,0.925,12759.0,10.0,20150826105906,-0.006,-0.65,0.922,0.909,0.918,403635.0,3697.0,0.0,0.0,1.41,0.0,0.0,0.0,-1.0,-1.0,0.044,0.379,0.186,0.391
0,sz150018,0.918,0.924,0.914,404702.0,170846.0,233856.0,0.917,6185.0,0.916,1523.0,0.915,1038.0,0.914,1370.0,0.913,612.0,0.918,833.0,0.92,1264.0,0.922,9759.0,0.923,5077.0,0.924,5710.0,10.0,20150826105914,-0.006,-0.65,0.922,0.909,0.918,404702.0,3706.0,0.0,0.0,1.41,0.0,0.0,0.0,-1.0,-1.0,0.044,0.378,0.186,0.392
0,sz150018,0.918,0.924,0.914,404702.0,170846.0,233856.0,0.917,6185.0,0.916,1523.0,0.915,1038.0,0.914,1370.0,0.913,612.0,0.918,1263.0,0.92,807.0,0.922,9759.0,0.923,5077.0,0.924,5710.0,10.0,20150826105926,-0.006,-0.65,0.922,0.909,0.918,404702.0,3706.0,0.0,0.0,1.41,0.0,0.0,0.0,-1.0,-1.0,0.044,0.378,0.186,0.392
0,sz150018,0.918,0.924,0.914,404702.0,170846.0,233856.0,0.917,6185.0,0.916,1523.0,0.915,1038.0,0.914,1370.0,0.913,612.0,0.918,1263.0,0.92,807.0,0.922,9759.0,0.923,5077.0,0.924,5710.0,10.0,20150826105935,-0.006,-0.65,0.922,0.909,0.918,404702.0,3706.0,0.0,0.0,1.41,0.0,0.0,0.0,-1.0,-1.0,0.044,0.378,0.186,0.392
0,sz150018,0.917,0.924,0.914,406054.0,171646.0,234408.0,0.917,6763.0,0.916,1523.0,0.915,1038.0,0.914,1370.0,0.913,612.0,0.918,333.0,0.92,807.0,0.922,9759.0,0.923,5077.0,0.924,5710.0,10.0,20150826105945,-0.007,-0.76,0.922,0.909,0.918,406054.0,3719.0,0.0,0.0,1.41,0.0,0.0,0.0,-1.0,-1.0,0.043,0.379,0.185,0.392
0,sz150018,0.918,0.924,0.914,406511.0,171646.0,234864.0,0.918,636.0,0.917,6763.0,0.916,2523.0,0.915,1038.0,0.914,1370.0,0.92,807.0,0.922,9759.0,0.923,5077.0,0.924,5710.0,0.925,12759.0,10.0,20150826105956,-0.006,-0.65,0.922,0.909,0.918,406511.0,3723.0,0.0,0.0,1.41,0.0,0.0,0.0,-1.0,-1.0,0.043,0.379,0.185,0.393
0,sz150018,0.918,0.924,0.914,406511.0,171646.0,234864.0,0.918,636.0,0.917,6763.0,0.916,2523.0,0.915,1038.0,0.914,1370.0,0.92,807.0,0.922,9759.0,0.923,5077.0,0.924,5710.0,0.925,12759.0,10.0,20150826110005,-0.006,-0.65,0.922,0.909,0.918,406511.0,3723.0,0.0,0.0,1.41,0.0,0.0,0.0,-1.0,-1.0,0.043,0.379,0.185,0.393
0,sz150018,0.918,0.924,0.914,406511.0,171646.0,234864.0,0.918,636.0,0.917,6763.0,0.916,2523.0,0.915,1038.0,0.914,1370.0,0.92,807.0,0.922,9759.0,0.923,5077.0,0.924,5710.0,0.925,12759.0,10.0,20150826110015,-0.006,-0.65,0.922,0.909,0.918,406511.0,3723.0,0.0,0.0,1.41,0.0,0.0,0.0,-1.0,-1.0,0.043,0.379,0.185,0.393
0,sz150018,0.918,0.924,0.914,406511.0,171646.0,234864.0,0.918,666.0,0.917,6763.0,0.916,2523.0,0.915,1038.0,0.914,1370.0,0.92,3207.0,0.922,9759.0,0.923,5077.0,0.924,5710.0,0.925,12759.0,10.0,20150826110024,-0.006,-0.65,0.922,0.909,0.918,406511.0,3723.0,0.0,0.0,1.41,0.0,0.0,0.0,-1.0,-1.0,0.043,0.379,0.185,0.393
0,sz150018,0.918,0.924,0.914,406511.0,171646.0,234864.0,0.918,666.0,0.917,6763.0,0.916,2523.0,0.915,1038.0,0.914,1370.0,0.92,3207.0,0.922,9759.0,0.923,5077.0,0.924,5710.0,0.925,12759.0,10.0,20150826110035,-0.006,-0.65,0.922,0.909,0.918,406511.0,3723.0,0.0,0.0,1.41,0.0,0.0,0.0,-1.0,-1.0,0.043,0.379,0.185,0.393
0,sz150018,0.918,0.924,0.914,406511.0,171646.0,234864.0,0.918,666.0,0.917,6763.0,0.916,2523.0,0.915,1038.0,0.914,1370.0,0.92,3207.0,0.922,9759.0,0.923,5077.0,0.924,5710.0,0.925,12759.0,10.0,20150826110045,-0.006,-0.65,0.922,0.909,0.918,406511.0,3723.0,0.0,0.0,1.41,0.0,0.0,0.0,-1.0,-1.0,0.043,0.379,0.185,0.393
0,sz150018,0.918,0.924,0.914,406512.0,171646.0,234866.0,0.918,665.0,0.917,6763.0,0.916,2523.0,0.915,1038.0,0.914,1370.0,0.92,3207.0,0.922,9759.0,0.923,5077.0,0.924,5710.0,0.925,12759.0,11.0,20150826110056,-0.006,-0.65,0.922,0.909,0.918,406512.0,3723.0,0.0,0.0,1.41,0.0,0.0,0.0,-1.0,-1.0,0.043,0.379,0.185,0.393
0,sz150018,0.918,0.924,0.914,406512.0,171646.0,234866.0,0.918,665.0,0.917,6763.0,0.916,2523.0,0.915,1038.0,0.914,1370.0,0.92,3407.0,0.922,9759.0,0.923,5077.0,0.924,5710.0,0.925,12759.0,11.0,20150826110106,-0.006,-0.65,0.922,0.909,0.918,406512.0,3723.0,0.0,0.0,1.41,0.0,0.0,0.0,-1.0,-1.0,0.043,0.379,0.185,0.393
0,sz150018,0.918,0.924,0.914,406512.0,171646.0,234866.0,0.918,665.0,0.917,6763.0,0.916,2523.0,0.915,1038.0,0.914,1370.0,0.92,3407.0,0.922,9759.0,0.923,5077.0,0.924,5710.0,0.925,12759.0,11.0,20150826110115,-0.006,-0.65,0.922,0.909,0.918,406512.0,3723.0,0.0,0.0,1.41,0.0,0.0,0.0,-1.0,-1.0,0.043,0.379,0.185,0.393
0,sz150018,0.918,0.924,0.914,406512.0,171646.0,234866.0,0.918,665.0,0.917,6763.0,0.916,2523.0,0.915,1038.0,0.914,1370.0,0.92,3407.0,0.922,9759.0,0.923,5077.0,0.924,5710.0,0.925,12859.0,11.0,20150826110129,-0.006,-0.65,0.922,0.909,0.918,406512.0,3723.0,0.0,0.0,1.41,0.0,0.0,0.0,-1.0,-1.0,0.043,0.379,0.185,0.393
0,sz150018,0.918,0.924,0.914,406512.0,171646.0,234866.0,0.918,665.0,0.917,6763.0,0.916,2523.0,0.915,1038.0,0.914,1370.0,0.919,5697.0,0.92,3407.0,0.922,9759.0,0.923,5077.0,0.924,5710.0,11.0,20150826110138,-0.006,-0.65,0.922,0.909,0.918,406512.0,3723.0,0.0,0.0,1.41,0.0,0.0,0.0,-1.0,-1.0,0.043,0.379,0.185,0.393
0,sz150018,0.918,0.924,0.914,406512.0,171646.0,234866.0,0.918,665.0,0.917,6763.0,0.916,2523.0,0.915,1038.0,0.914,1370.0,0.919,5697.0,0.92,3407.0,0.922,9759.0,0.923,5077.0,0.924,5710.0,11.0,20150826110145,-0.006,-0.65,0.922,0.909,0.918,406512.0,3723.0,0.0,0.0,1.41,0.0,0.0,0.0,-1.0,-1.0,0.043,0.379,0.185,0.393
0,sz150018,0.918,0.924,0.914,406512.0,171646.0,234866.0,0.918,665.0,0.917,6763.0,0.916,2523.0,0.915,1038.0,0.914,1370.0,0.919,5697.0,0.92,3407.0,0.922,9759.0,0.923,5077.0,0.924,5710.0,11.0,20150826110157,-0.006,-0.65,0.922,0.909,0.918,406512.0,3723.0,0.0,0.0,1.41,0.0,0.0,0.0,-1.0,-1.0,0.043,0.379,0.185,0.393
0,sz150018,0.918,0.924,0.914,406512.0,171646.0,234866.0,0.918,1155.0,0.917,6763.0,0.916,2523.0,0.915,1038.0,0.914,1370.0,0.919,5697.0,0.92,3407.0,0.922,9759.0,0.923,5077.0,0.924,5710.0,11.0,20150826110209,-0.006,-0.65,0.922,0.909,0.918,406512.0,3723.0,0.0,0.0,1.41,0.0,0.0,0.0,-1.0,-1.0,0.043,0.379,0.185,0.393
0,sz150018,0.918,0.924,0.914,406512.0,171646.0,234866.0,0.918,1155.0,0.917,6763.0,0.916,2523.0,0.915,1038.0,0.914,1370.0,0.919,5697.0,0.92,3407.0,0.921,500.0,0.922,9759.0,0.923,5077.0,11.0,20150826110221,-0.006,-0.65,0.922,0.909,0.918,406512.0,3723.0,0.0,0.0,1.41,0.0,0.0,0.0,-1.0,-1.0,0.043,0.379,0.185,0.393
0,sz150018,0.919,0.924,0.914,407310.0,172444.0,234866.0,0.918,1158.0,0.917,6763.0,0.916,2523.0,0.915,1038.0,0.914,1370.0,0.919,4899.0,0.92,3407.0,0.921,500.0,0.922,9759.0,0.923,5077.0,11.0,20150826110232,-0.005,-0.54,0.922,0.909,0.918,407310.0,3730.0,0.0,0.0,1.41,0.0,0.0,0.0,-1.0,-1.0,0.043,0.38,0.185,0.392
0,sz150018,0.919,0.924,0.914,407310.0,172444.0,234866.0,0.918,1158.0,0.917,6763.0,0.916,2523.0,0.915,1038.0,0.914,1370.0,0.919,4899.0,0.92,3407.0,0.921,500.0,0.922,9759.0,0.923,5077.0,11.0,20150826110242,-0.005,-0.54,0.922,0.909,0.918,407310.0,3730.0,0.0,0.0,1.41,0.0,0.0,0.0,-1.0,-1.0,0.043,0.38,0.185,0.392
0,sz150018,0.919,0.924,0.914,412209.0,177344.0,234866.0,0.919,22393.0,0.918,1158.0,0.917,6763.0,0.916,2523.0,0.915,1038.0,0.92,3407.0,0.921,500.0,0.922,9759.0,0.923,5077.0,0.924,5710.0,11.0,20150826110253,-0.005,-0.54,0.922,0.909,0.918,412209.0,3775.0,0.0,0.0,1.41,0.0,0.0,0.0,-1.0,-1.0,0.043,0.38,0.185,0.392
0,sz150018,0.919,0.924,0.914,414290.0,177344.0,236946.0,0.919,20312.0,0.918,1158.0,0.917,6763.0,0.916,2523.0,0.915,1038.0,0.92,3407.0,0.921,500.0,0.922,9759.0,0.923,5077.0,0.924,5710.0,11.0,20150826110303,-0.005,-0.54,0.922,0.909,0.918,414290.0,3795.0,0.0,0.0,1.41,0.0,0.0,0.0,-1.0,-1.0,0.043,0.385,0.181,0.391
0,sz150018,0.919,0.924,0.914,414290.0,177344.0,236946.0,0.919,20312.0,0.918,1158.0,0.917,6763.0,0.916,2523.0,0.915,1038.0,0.92,3405.0,0.921,500.0,0.922,9759.0,0.923,5077.0,0.924,5710.0,11.0,20150826110315,-0.005,-0.54,0.922,0.909,0.919,414290.0,3795.0,0.0,0.0,1.41,0.0,0.0,0.0,-1.0,-1.0,0.043,0.385,0.181,0.391
0,sz150018,0.919,0.924,0.914,414290.0,177344.0,236946.0,0.919,20312.0,0.918,1158.0,0.917,6763.0,0.916,2523.0,0.915,1038.0,0.92,3405.0,0.921,500.0,0.922,9759.0,0.923,5077.0,0.924,5710.0,11.0,20150826110327,-0.005,-0.54,0.922,0.909,0.919,414290.0,3795.0,0.0,0.0,1.41,0.0,0.0,0.0,-1.0,-1.0,0.043,0.385,0.181,0.391
0,sz150018,0.919,0.924,0.914,416290.0,177344.0,238946.0,0.919,18312.0,0.918,1158.0,0.917,6763.0,0.916,2523.0,0.915,1038.0,0.92,3435.0,0.921,500.0,0.922,9759.0,0.923,5077.0,0.924,5710.0,11.0,20150826110335,-0.005,-0.54,0.922,0.909,0.919,416290.0,3813.0,0.0,0.0,1.41,0.0,0.0,0.0,-1.0,-1.0,0.042,0.384,0.181,0.393
0,sz150018,0.919,0.924,0.914,417147.0,177344.0,239804.0,0.919,17455.0,0.918,1158.0,0.917,6763.0,0.916,2523.0,0.915,1038.0,0.92,3435.0,0.921,500.0,0.922,9759.0,0.923,5077.0,0.924,5710.0,11.0,20150826110347,-0.005,-0.54,0.922,0.909,0.919,417147.0,3821.0,0.0,0.0,1.41,0.0,0.0,0.0,-1.0,-1.0,0.042,0.383,0.18,0.395
0,sz150018,0.919,0.924,0.914,417147.0,177344.0,239804.0,0.919,17455.0,0.918,1158.0,0.917,6763.0,0.916,2523.0,0.915,1038.0,0.92,3435.0,0.921,500.0,0.922,9759.0,0.923,5077.0,0.924,5710.0,11.0,20150826110400,-0.005,-0.54,0.922,0.909,0.919,417147.0,3821.0,0.0,0.0,1.41,0.0,0.0,0.0,-1.0,-1.0,0.042,0.383,0.18,0.395
0,sz150018,0.92,0.924,0.914,418947.0,177644.0,241304.0,0.919,15955.0,0.918,1158.0,0.917,6763.0,0.916,2523.0,0.915,1038.0,0.92,3135.0,0.921,500.0,0.922,9759.0,0.923,5077.0,0.924,5710.0,11.0,20150826110414,-0.004,-0.43,0.922,0.909,0.919,418947.0,3837.0,0.0,0.0,1.41,0.0,0.0,0.0,-1.0,-1.0,0.042,0.381,0.18,0.397
0,sz150018,0.919,0.924,0.914,419718.0,177644.0,242074.0,0.919,15184.0,0.918,1158.0,0.917,6763.0,0.916,2523.0,0.915,1038.0,0.92,3135.0,0.921,500.0,0.922,9759.0,0.923,5077.0,0.924,5710.0,11.0,20150826110424,-0.005,-0.54,0.922,0.909,0.919,419718.0,3844.0,0.0,0.0,1.41,0.0,0.0,0.0,-1.0,-1.0,0.042,0.381,0.179,0.398
0,sz150018,0.919,0.924,0.914,419718.0,177644.0,242074.0,0.919,15184.0,0.918,1163.0,0.917,6763.0,0.916,2523.0,0.915,1038.0,0.92,3135.0,0.921,500.0,0.922,9759.0,0.923,5077.0,0.924,5710.0,11.0,20150826110436,-0.005,-0.54,0.922,0.909,0.919,419718.0,3844.0,0.0,0.0,1.41,0.0,0.0,0.0,-1.0,-1.0,0.042,0.381,0.179,0.398
0,sz150018,0.919,0.924,0.914,419718.0,177644.0,242074.0,0.919,15184.0,0.918,1163.0,0.917,6763.0,0.916,2523.0,0.915,1038.0,0.92,3135.0,0.921,500.0,0.922,9759.0,0.923,5077.0,0.924,5610.0,11.0,20150826110444,-0.005,-0.54,0.922,0.909,0.919,419718.0,3844.0,0.0,0.0,1.41,0.0,0.0,0.0,-1.0,-1.0,0.042,0.381,0.179,0.398
0,sz150018,0.919,0.924,0.914,419718.0,177644.0,242074.0,0.919,15184.0,0.918,1163.0,0.917,6763.0,0.916,2523.0,0.915,1038.0,0.92,3135.0,0.921,510.0,0.922,9759.0,0.923,5077.0,0.924,5610.0,11.0,20150826110459,-0.005,-0.54,0.922,0.909,0.919,419718.0,3844.0,0.0,0.0,1.41,0.0,0.0,0.0,-1.0,-1.0,0.042,0.381,0.179,0.398
0,sz150018,0.919,0.924,0.914,419718.0,177644.0,242074.0,0.919,15184.0,0.918,1163.0,0.917,6763.0,0.916,2523.0,0.915,1038.0,0.92,735.0,0.921,510.0,0.922,9759.0,0.923,5077.0,0.924,5610.0,11.0,20150826110509,-0.005,-0.54,0.922,0.909,0.919,419718.0,3844.0,0.0,0.0,1.41,0.0,0.0,0.0,-1.0,-1.0,0.042,0.381,0.179,0.398
0,sz150018,0.919,0.924,0.914,419718.0,177644.0,242074.0,0.919,15184.0,0.918,1163.0,0.917,6763.0,0.916,2523.0,0.915,1038.0,0.92,735.0,0.921,510.0,0.922,9759.0,0.923,5077.0,0.924,5610.0,11.0,20150826110521,-0.005,-0.54,0.922,0.909,0.919,419718.0,3844.0,0.0,0.0,1.41,0.0,0.0,0.0,-1.0,-1.0,0.042,0.381,0.179,0.398
0,sz150018,0.919,0.924,0.914,419718.0,177644.0,242074.0,0.919,15184.0,0.918,1163.0,0.917,6763.0,0.916,2523.0,0.915,1038.0,0.92,735.0,0.921,1710.0,0.922,9759.0,0.923,5077.0,0.924,5610.0,11.0,20150826110532,-0.005,-0.54,0.922,0.909,0.919,419718.0,3844.0,0.0,0.0,1.41,0.0,0.0,0.0,-1.0,-1.0,0.042,0.381,0.179,0.398
0,sz150018,0.919,0.924,0.914,419718.0,177644.0,242074.0,0.919,15184.0,0.918,1163.0,0.917,6763.0,0.916,2523.0,0.915,1038.0,0.92,735.0,0.921,1710.0,0.922,9759.0,0.923,5077.0,0.924,5610.0,11.0,20150826110541,-0.005,-0.54,0.922,0.909,0.919,419718.0,3844.0,0.0,0.0,1.41,0.0,0.0,0.0,-1.0,-1.0,0.042,0.381,0.179,0.398
0,sz150018,0.919,0.924,0.914,419718.0,177644.0,242074.0,0.919,15184.0,0.918,1163.0,0.917,6763.0,0.916,2523.0,0.915,1038.0,0.92,735.0,0.921,1710.0,0.922,9759.0,0.923,5077.0,0.924,5610.0,11.0,20150826110557,-0.005,-0.54,0.922,0.909,0.919,419718.0,3844.0,0.0,0.0,1.41,0.0,0.0,0.0,-1.0,-1.0,0.042,0.381,0.179,0.398
0,sz150018,0.919,0.924,0.914,419718.0,177644.0,242074.0,0.919,15184.0,0.918,1163.0,0.917,6763.0,0.916,2523.0,0.915,1038.0,0.92,735.0,0.921,1710.0,0.922,9759.0,0.923,5077.0,0.924,5610.0,11.0,20150826110606,-0.005,-0.54,0.922,0.909,0.919,419718.0,3844.0,0.0,0.0,1.41,0.0,0.0,0.0,-1.0,-1.0,0.042,0.381,0.179,0.398
0,sz150018,0.919,0.924,0.914,419718.0,177644.0,242074.0,0.919,15184.0,0.918,1163.0,0.917,6763.0,0.916,2523.0,0.915,1038.0,0.92,735.0,0.921,1710.0,0.922,9759.0,0.923,5077.0,0.924,5610.0,11.0,20150826110621,-0.005,-0.54,0.922,0.909,0.919,419718.0,3844.0,0.0,0.0,1.41,0.0,0.0,0.0,-1.0,-1.0,0.042,0.381,0.179,0.398
0,sz150018,0.919,0.924,0.914,419718.0,177644.0,242074.0,0.919,15184.0,0.918,1163.0,0.917,6763.0,0.916,2523.0,0.915,1038.0,0.92,735.0,0.921,1710.0,0.922,9759.0,0.923,5077.0,0.924,5610.0,11.0,20150826110630,-0.005,-0.54,0.922,0.909,0.919,419718.0,3844.0,0.0,0.0,1.41,0.0,0.0,0.0,-1.0,-1.0,0.042,0.381,0.179,0.398
0,sz150018,0.919,0.924,0.914,419718.0,177644.0,242074.0,0.919,15184.0,0.918,1163.0,0.917,6763.0,0.916,2523.0,0.915,1038.0,0.92,735.0,0.921,1710.0,0.922,9759.0,0.923,5077.0,0.924,5610.0,11.0,20150826110645,-0.005,-0.54,0.922,0.909,0.919,419718.0,3844.0,0.0,0.0,1.41,0.0,0.0,0.0,-1.0,-1.0,0.042,0.381,0.179,0.398
0,sz150018,0.919,0.924,0.914,419718.0,177644.0,242074.0,0.919,15184.0,0.918,1163.0,0.917,6763.0,0.916,2523.0,0.915,1038.0,0.92,735.0,0.921,1710.0,0.922,9759.0,0.923,5077.0,0.924,5610.0,11.0,20150826110654,-0.005,-0.54,0.922,0.909,0.919,419718.0,3844.0,0.0,0.0,1.41,0.0,0.0,0.0,-1.0,-1.0,0.042,0.381,0.179,0.398
0,sz150018,0.92,0.924,0.914,419868.0,177794.0,242074.0,0.919,15184.0,0.918,1163.0,0.917,6763.0,0.916,2323.0,0.915,1038.0,0.92,585.0,0.921,1710.0,0.922,9759.0,0.923,5077.0,0.924,5610.0,11.0,20150826110709,-0.004,-0.43,0.922,0.909,0.919,419868.0,3846.0,0.0,0.0,1.41,0.0,0.0,0.0,-1.0,-1.0,0.042,0.381,0.179,0.398
0,sz150018,0.92,0.924,0.914,419868.0,177794.0,242074.0,0.919,15184.0,0.918,1163.0,0.917,6763.0,0.916,2323.0,0.915,1038.0,0.92,585.0,0.921,1710.0,0.922,9759.0,0.923,5077.0,0.924,5610.0,11.0,20150826110718,-0.004,-0.43,0.922,0.909,0.919,419868.0,3846.0,0.0,0.0,1.41,0.0,0.0,0.0,-1.0,-1.0,0.042,0.381,0.179,0.398
0,sz150018,0.92,0.924,0.914,419868.0,177794.0,242074.0,0.919,15184.0,0.918,1163.0,0.917,6763.0,0.916,2323.0,0.915,1038.0,0.92,585.0,0.921,1710.0,0.922,9759.0,0.923,5077.0,0.924,5610.0,11.0,20150826110730,-0.004,-0.43,0.922,0.909,0.919,419868.0,3846.0,0.0,0.0,1.41,0.0,0.0,0.0,-1.0,-1.0,0.042,0.381,0.179,0.398
0,sz150018,0.92,0.924,0.914,419868.0,177794.0,242074.0,0.919,15184.0,0.918,1163.0,0.917,6763.0,0.916,2323.0,0.915,1038.0,0.92,585.0,0.921,1710.0,0.922,9759.0,0.923,5077.0,0.924,5612.0,11.0,20150826110745,-0.004,-0.43,0.922,0.909,0.919,419868.0,3846.0,0.0,0.0,1.41,0.0,0.0,0.0,-1.0,-1.0,0.042,0.381,0.179,0.398
0,sz150018,0.92,0.924,0.914,419868.0,177794.0,242074.0,0.919,15184.0,0.918,1163.0,0.917,6763.0,0.916,2323.0,0.915,1038.0,0.92,585.0,0.921,1710.0,0.922,9759.0,0.923,5077.0,0.924,5612.0,11.0,20150826110757,-0.004,-0.43,0.922,0.909,0.919,419868.0,3846.0,0.0,0.0,1.41,0.0,0.0,0.0,-1.0,-1.0,0.042,0.381,0.179,0.398
0,sz150018,0.92,0.924,0.914,419868.0,177794.0,242074.0,0.919,15184.0,0.918,1163.0,0.917,6763.0,0.916,2323.0,0.915,1038.0,0.92,285.0,0.921,1710.0,0.922,9759.0,0.923,5077.0,0.924,5612.0,11.0,20150826110809,-0.004,-0.43,0.922,0.909,0.92,419868.0,3846.0,0.0,0.0,1.41,0.0,0.0,0.0,-1.0,-1.0,0.042,0.381,0.179,0.398
0,sz150018,0.92,0.924,0.914,419868.0,177794.0,242074.0,0.919,15184.0,0.918,1163.0,0.917,6763.0,0.916,2323.0,0.915,1038.0,0.92,285.0,0.921,1710.0,0.922,9759.0,0.923,5077.0,0.924,5612.0,11.0,20150826110821,-0.004,-0.43,0.922,0.909,0.92,419868.0,3846.0,0.0,0.0,1.41,0.0,0.0,0.0,-1.0,-1.0,0.042,0.381,0.179,0.398
0,sz150018,0.92,0.924,0.914,419868.0,177794.0,242074.0,0.919,15184.0,0.918,1163.0,0.917,3731.0,0.916,2323.0,0.915,1038.0,0.92,285.0,0.921,1710.0,0.922,9759.0,0.923,5077.0,0.924,5612.0,11.0,20150826110833,-0.004,-0.43,0.922,0.909,0.92,419868.0,3846.0,0.0,0.0,1.41,0.0,0.0,0.0,-1.0,-1.0,0.042,0.381,0.179,0.398
0,sz150018,0.92,0.924,0.914,419988.0,177914.0,242074.0,0.919,15184.0,0.918,1163.0,0.917,3731.0,0.916,2323.0,0.915,1038.0,0.92,165.0,0.921,1710.0,0.922,9759.0,0.923,5077.0,0.924,5612.0,11.0,20150826110845,-0.004,-0.43,0.922,0.909,0.92,419988.0,3847.0,0.0,0.0,1.41,0.0,0.0,0.0,-1.0,-1.0,0.042,0.381,0.179,0.397
0,sz150018,0.92,0.924,0.914,419988.0,177914.0,242074.0,0.919,16640.0,0.918,1163.0,0.917,3731.0,0.916,2323.0,0.915,1038.0,0.92,165.0,0.921,1710.0,0.922,9759.0,0.923,5077.0,0.924,5612.0,11.0,20150826110857,-0.004,-0.43,0.922,0.909,0.92,419988.0,3847.0,0.0,0.0,1.41,0.0,0.0,0.0,-1.0,-1.0,0.042,0.381,0.179,0.397
0,sz150018,0.92,0.924,0.914,419988.0,177914.0,242074.0,0.919,16640.0,0.918,1163.0,0.917,3731.0,0.916,2323.0,0.915,1038.0,0.92,165.0,0.921,1950.0,0.922,9759.0,0.923,5077.0,0.924,5612.0,11.0,20150826110909,-0.004,-0.43,0.922,0.909,0.92,419988.0,3847.0,0.0,0.0,1.41,0.0,0.0,0.0,-1.0,-1.0,0.042,0.381,0.179,0.397
0,sz150018,0.92,0.924,0.914,419988.0,177914.0,242074.0,0.919,16640.0,0.918,1163.0,0.917,3731.0,0.916,2323.0,0.915,1038.0,0.92,165.0,0.921,1950.0,0.922,9759.0,0.923,5077.0,0.924,5612.0,11.0,20150826110924,-0.004,-0.43,0.922,0.909,0.92,419988.0,3847.0,0.0,0.0,1.41,0.0,0.0,0.0,-1.0,-1.0,0.042,0.381,0.179,0.397
0,sz150018,0.92,0.924,0.914,419988.0,177914.0,242074.0,0.919,16640.0,0.918,1163.0,0.917,3731.0,0.916,2323.0,0.915,1038.0,0.92,165.0,0.921,1950.0,0.922,9759.0,0.923,5077.0,0.924,5612.0,11.0,20150826110933,-0.004,-0.43,0.922,0.909,0.92,419988.0,3847.0,0.0,0.0,1.41,0.0,0.0,0.0,-1.0,-1.0,0.042,0.381,0.179,0.397
0,sz150018,0.92,0.924,0.914,419988.0,177914.0,242074.0,0.919,16640.0,0.918,1163.0,0.917,3731.0,0.916,2323.0,0.915,1038.0,0.92,165.0,0.921,1950.0,0.922,9759.0,0.923,5077.0,0.924,5612.0,11.0,20150826110945,-0.004,-0.43,0.922,0.909,0.92,419988.0,3847.0,0.0,0.0,1.41,0.0,0.0,0.0,-1.0,-1.0,0.042,0.381,0.179,0.397
0,sz150018,0.92,0.924,0.914,419988.0,177914.0,242074.0,0.919,16640.0,0.918,1163.0,0.917,3731.0,0.916,2323.0,0.915,1038.0,0.92,165.0,0.921,1950.0,0.922,9759.0,0.923,5077.0,0.924,5612.0,11.0,20150826110957,-0.004,-0.43,0.922,0.909,0.92,419988.0,3847.0,0.0,0.0,1.41,0.0,0.0,0.0,-1.0,-1.0,0.042,0.381,0.179,0.397
0,sz150018,0.92,0.924,0.914,419988.0,177914.0,242074.0,0.919,16640.0,0.918,1163.0,0.917,3731.0,0.916,2323.0,0.915,1038.0,0.92,165.0,0.921,1950.0,0.922,9759.0,0.923,5077.0,0.924,5612.0,11.0,20150826111012,-0.004,-0.43,0.922,0.909,0.92,419988.0,3847.0,0.0,0.0,1.41,0.0,0.0,0.0,-1.0,-1.0,0.042,0.381,0.179,0.397
0,sz150018,0.92,0.924,0.914,420453.0,178078.0,242374.0,0.92,35.0,0.919,16640.0,0.918,1163.0,0.917,3731.0,0.916,2323.0,0.921,1950.0,0.922,9759.0,0.923,5077.0,0.924,5612.0,0.925,3489.0,11.0,20150826111024,-0.004,-0.43,0.922,0.909,0.92,420453.0,3851.0,0.0,0.0,1.41,0.0,0.0,0.0,-1.0,-1.0,0.042,0.381,0.179,0.398
0,sz150018,0.92,0.924,0.914,420488.0,178078.0,242410.0,0.919,16640.0,0.918,1163.0,0.917,3731.0,0.916,2323.0,0.915,1038.0,0.92,35.0,0.921,1950.0,0.922,9759.0,0.923,5077.0,0.924,5612.0,11.0,20150826111036,-0.004,-0.43,0.922,0.909,0.92,420488.0,3852.0,0.0,0.0,1.41,0.0,0.0,0.0,-1.0,-1.0,0.042,0.381,0.179,0.398
0,sz150018,0.92,0.924,0.914,420488.0,178078.0,242410.0,0.919,16640.0,0.918,1163.0,0.917,3731.0,0.916,2323.0,0.915,1038.0,0.92,35.0,0.921,1950.0,0.922,9759.0,0.923,5077.0,0.924,5612.0,11.0,20150826111048,-0.004,-0.43,0.922,0.909,0.92,420488.0,3852.0,0.0,0.0,1.41,0.0,0.0,0.0,-1.0,-1.0,0.042,0.381,0.179,0.398
0,sz150018,0.92,0.924,0.914,420488.0,178078.0,242410.0,0.919,16640.0,0.918,1163.0,0.917,3731.0,0.916,2323.0,0.915,1038.0,0.92,35.0,0.921,1950.0,0.922,9759.0,0.923,5077.0,0.924,5612.0,11.0,20150826111100,-0.004,-0.43,0.922,0.909,0.92,420488.0,3852.0,0.0,0.0,1.41,0.0,0.0,0.0,-1.0,-1.0,0.042,0.381,0.179,0.398
0,sz150018,0.92,0.924,0.914,420488.0,178078.0,242410.0,0.919,16640.0,0.918,1163.0,0.917,3731.0,0.916,2323.0,0.915,1038.0,0.92,1909.0,0.921,1950.0,0.922,9759.0,0.923,5077.0,0.924,5612.0,11.0,20150826111112,-0.004,-0.43,0.922,0.909,0.92,420488.0,3852.0,0.0,0.0,1.41,0.0,0.0,0.0,-1.0,-1.0,0.042,0.381,0.179,0.398
0,sz150018,0.92,0.924,0.914,420488.0,178078.0,242410.0,0.919,16640.0,0.918,1163.0,0.917,3731.0,0.916,2323.0,0.915,1038.0,0.92,1909.0,0.921,1950.0,0.922,9759.0,0.923,5077.0,0.924,5612.0,11.0,20150826111127,-0.004,-0.43,0.922,0.909,0.92,420488.0,3852.0,0.0,0.0,1.41,0.0,0.0,0.0,-1.0,-1.0,0.042,0.381,0.179,0.398
0,sz150018,0.92,0.924,0.914,420488.0,178078.0,242410.0,0.919,16640.0,0.918,1163.0,0.917,3731.0,0.916,2323.0,0.915,1038.0,0.92,1909.0,0.921,1950.0,0.922,9759.0,0.923,5077.0,0.924,5612.0,11.0,20150826111139,-0.004,-0.43,0.922,0.909,0.92,420488.0,3852.0,0.0,0.0,1.41,0.0,0.0,0.0,-1.0,-1.0,0.042,0.381,0.179,0.398
0,sz150018,0.92,0.924,0.914,420488.0,178078.0,242410.0,0.919,16640.0,0.918,1163.0,0.917,3731.0,0.916,2323.0,0.915,1038.0,0.92,1909.0,0.921,1950.0,0.922,9759.0,0.923,5077.0,0.924,5612.0,11.0,20150826111151,-0.004,-0.43,0.922,0.909,0.92,420488.0,3852.0,0.0,0.0,1.41,0.0,0.0,0.0,-1.0,-1.0,0.042,0.381,0.179,0.398
0,sz150018,0.92,0.924,0.914,420488.0,178078.0,242410.0,0.919,16640.0,0.918,1163.0,0.917,3731.0,0.916,2323.0,0.915,1038.0,0.92,1909.0,0.921,1950.0,0.922,9759.0,0.923,5077.0,0.924,5612.0,11.0,20150826111203,-0.004,-0.43,0.922,0.909,0.92,420488.0,3852.0,0.0,0.0,1.41,0.0,0.0,0.0,-1.0,-1.0,0.042,0.381,0.179,0.398
0,sz150018,0.92,0.924,0.914,420488.0,178078.0,242410.0,0.919,16640.0,0.918,1163.0,0.917,3731.0,0.916,2323.0,0.915,1038.0,0.92,2409.0,0.921,1950.0,0.922,9759.0,0.923,5077.0,0.924,5612.0,11.0,20150826111218,-0.004,-0.43,0.922,0.909,0.92,420488.0,3852.0,0.0,0.0,1.41,0.0,0.0,0.0,-1.0,-1.0,0.042,0.381,0.179,0.398
0,sz150018,0.92,0.924,0.914,420488.0,178078.0,242410.0,0.919,16640.0,0.918,1163.0,0.917,3731.0,0.916,2323.0,0.915,1038.0,0.92,2409.0,0.921,1950.0,0.922,9759.0,0.923,5077.0,0.924,5612.0,11.0,20150826111230,-0.004,-0.43,0.922,0.909,0.92,420488.0,3852.0,0.0,0.0,1.41,0.0,0.0,0.0,-1.0,-1.0,0.042,0.381,0.179,0.398
0,sz150018,0.92,0.924,0.914,420488.0,178078.0,242410.0,0.919,16640.0,0.918,1163.0,0.917,3731.0,0.916,2323.0,0.915,1038.0,0.92,2409.0,0.921,1950.0,0.922,9759.0,0.923,5077.0,0.924,5612.0,11.0,20150826111245,-0.004,-0.43,0.922,0.909,0.92,420488.0,3852.0,0.0,0.0,1.41,0.0,0.0,0.0,-1.0,-1.0,0.042,0.381,0.179,0.398
0,sz150018,0.92,0.924,0.914,420488.0,178078.0,242410.0,0.919,16640.0,0.918,1163.0,0.917,3731.0,0.916,2323.0,0.915,1038.0,0.92,2409.0,0.921,1950.0,0.922,9759.0,0.923,5077.0,0.924,5612.0,11.0,20150826111257,-0.004,-0.43,0.922,0.909,0.92,420488.0,3852.0,0.0,0.0,1.41,0.0,0.0,0.0,-1.0,-1.0,0.042,0.381,0.179,0.398
0,sz150018,0.92,0.924,0.914,423328.0,180918.0,242410.0,0.92,1094.0,0.919,16640.0,0.918,1163.0,0.917,3731.0,0.916,2323.0,0.921,1950.0,0.922,9759.0,0.923,5077.0,0.924,5612.0,0.925,3489.0,11.0,20150826111309,-0.004,-0.43,0.922,0.909,0.92,423328.0,3878.0,0.0,0.0,1.41,0.0,0.0,0.0,-1.0,-1.0,0.042,0.386,0.178,0.395
0,sz150018,0.919,0.924,0.914,425160.0,180918.0,244242.0,0.919,15902.0,0.918,1163.0,0.917,3731.0,0.916,2323.0,0.915,1038.0,0.921,2407.0,0.922,9759.0,0.923,5077.0,0.924,5612.0,0.925,3489.0,11.0,20150826111324,-0.005,-0.54,0.922,0.909,0.92,425160.0,3895.0,0.0,0.0,1.41,0.0,0.0,0.0,-1.0,-1.0,0.042,0.384,0.177,0.398
0,sz150018,0.919,0.924,0.914,425160.0,180918.0,244242.0,0.919,15902.0,0.918,1163.0,0.917,3731.0,0.916,2323.0,0.915,1038.0,0.921,2407.0,0.922,9759.0,0.923,5077.0,0.924,5612.0,0.925,3489.0,11.0,20150826111336,-0.005,-0.54,0.922,0.909,0.92,425160.0,3895.0,0.0,0.0,1.41,0.0,0.0,0.0,-1.0,-1.0,0.042,0.384,0.177,0.398
0,sz150018,0.919,0.924,0.914,425160.0,180918.0,244242.0,0.919,15902.0,0.918,1163.0,0.917,3731.0,0.916,2323.0,0.915,1038.0,0.921,2407.0,0.922,9759.0,0.923,5077.0,0.924,5612.0,0.925,3489.0,11.0,20150826111351,-0.005,-0.54,0.922,0.909,0.92,425160.0,3895.0,0.0,0.0,1.41,0.0,0.0,0.0,-1.0,-1.0,0.042,0.384,0.177,0.398
0,sz150018,0.919,0.924,0.914,425160.0,180918.0,244242.0,0.919,15902.0,0.918,1163.0,0.917,3731.0,0.916,2323.0,0.915,1038.0,0.921,3307.0,0.922,9759.0,0.923,5077.0,0.924,5612.0,0.925,3489.0,11.0,20150826111403,-0.005,-0.54,0.922,0.909,0.92,425160.0,3895.0,0.0,0.0,1.41,0.0,0.0,0.0,-1.0,-1.0,0.042,0.384,0.177,0.398
0,sz150018,0.919,0.924,0.914,425160.0,180918.0,244242.0,0.919,15902.0,0.918,1163.0,0.917,3731.0,0.916,2323.0,0.915,1038.0,0.921,3307.0,0.922,9759.0,0.923,5077.0,0.924,5612.0,0.925,3489.0,11.0,20150826111415,-0.005,-0.54,0.922,0.909,0.92,425160.0,3895.0,0.0,0.0,1.41,0.0,0.0,0.0,-1.0,-1.0,0.042,0.384,0.177,0.398
0,sz150018,0.919,0.924,0.914,425160.0,180918.0,244242.0,0.919,15902.0,0.918,1163.0,0.917,3731.0,0.916,2323.0,0.915,1038.0,0.921,3307.0,0.922,9759.0,0.923,5077.0,0.924,5612.0,0.925,3489.0,11.0,20150826111430,-0.005,-0.54,0.922,0.909,0.92,425160.0,3895.0,0.0,0.0,1.41,0.0,0.0,0.0,-1.0,-1.0,0.042,0.384,0.177,0.398
0,sz150018,0.919,0.924,0.914,425260.0,180918.0,244342.0,0.919,15802.0,0.918,1163.0,0.917,3731.0,0.916,2323.0,0.915,1038.0,0.921,3307.0,0.922,9759.0,0.923,5077.0,0.924,5612.0,0.925,3489.0,11.0,20150826111445,-0.005,-0.54,0.922,0.909,0.919,425260.0,3895.0,0.0,0.0,1.41,0.0,0.0,0.0,-1.0,-1.0,0.042,0.384,0.177,0.398
0,sz150018,0.919,0.924,0.914,425260.0,180918.0,244342.0,0.919,15802.0,0.918,1163.0,0.917,3731.0,0.916,2323.0,0.915,1038.0,0.921,3746.0,0.922,9759.0,0.923,5077.0,0.924,5612.0,0.925,3489.0,11.0,20150826111457,-0.005,-0.54,0.922,0.909,0.919,425260.0,3895.0,0.0,0.0,1.41,0.0,0.0,0.0,-1.0,-1.0,0.042,0.384,0.177,0.398
0,sz150018,0.919,0.924,0.914,425260.0,180918.0,244342.0,0.919,15802.0,0.918,1163.0,0.917,3731.0,0.916,2323.0,0.915,1038.0,0.921,3839.0,0.922,9759.0,0.923,5077.0,0.924,5612.0,0.925,3489.0,11.0,20150826111512,-0.005,-0.54,0.922,0.909,0.919,425260.0,3895.0,0.0,0.0,1.41,0.0,0.0,0.0,-1.0,-1.0,0.042,0.384,0.177,0.398
0,sz150018,0.919,0.924,0.914,425260.0,180918.0,244342.0,0.919,15802.0,0.918,1163.0,0.917,3731.0,0.916,2323.0,0.915,1038.0,0.921,5039.0,0.922,9759.0,0.923,5077.0,0.924,5612.0,0.925,3489.0,11.0,20150826111524,-0.005,-0.54,0.922,0.909,0.919,425260.0,3895.0,0.0,0.0,1.41,0.0,0.0,0.0,-1.0,-1.0,0.042,0.384,0.177,0.398
0,sz150018,0.919,0.924,0.914,425260.0,180918.0,244342.0,0.919,15802.0,0.918,1163.0,0.917,3731.0,0.916,2323.0,0.915,1038.0,0.921,5039.0,0.922,9759.0,0.923,5077.0,0.924,5612.0,0.925,3489.0,11.0,20150826111539,-0.005,-0.54,0.922,0.909,0.919,425260.0,3895.0,0.0,0.0,1.41,0.0,0.0,0.0,-1.0,-1.0,0.042,0.384,0.177,0.398
0,sz150018,0.919,0.924,0.914,425260.0,180918.0,244342.0,0.919,15802.0,0.918,1163.0,0.917,3731.0,0.916,2323.0,0.915,1038.0,0.921,5039.0,0.922,9759.0,0.923,5077.0,0.924,5612.0,0.925,3489.0,11.0,20150826111554,-0.005,-0.54,0.922,0.909,0.919,425260.0,3895.0,0.0,0.0,1.41,0.0,0.0,0.0,-1.0,-1.0,0.042,0.384,0.177,0.398
0,sz150018,0.919,0.924,0.914,425260.0,180918.0,244342.0,0.919,15802.0,0.918,1163.0,0.917,3731.0,0.916,2323.0,0.915,1038.0,0.921,5039.0,0.922,9759.0,0.923,5077.0,0.924,5612.0,0.925,3489.0,11.0,20150826111606,-0.005,-0.54,0.922,0.909,0.919,425260.0,3895.0,0.0,0.0,1.41,0.0,0.0,0.0,-1.0,-1.0,0.042,0.384,0.177,0.398
0,sz150018,0.919,0.924,0.914,425360.0,180918.0,244442.0,0.919,15702.0,0.918,1163.0,0.917,3731.0,0.916,2323.0,0.915,1038.0,0.92,20.0,0.921,4600.0,0.922,9759.0,0.923,5077.0,0.924,5612.0,11.0,20150826111622,-0.005,-0.54,0.922,0.909,0.919,425360.0,3896.0,0.0,0.0,1.41,0.0,0.0,0.0,-1.0,-1.0,0.041,0.384,0.177,0.398
0,sz150018,0.919,0.924,0.914,425360.0,180918.0,244442.0,0.919,15702.0,0.918,1163.0,0.917,3731.0,0.916,2323.0,0.915,1038.0,0.92,459.0,0.921,4600.0,0.922,9759.0,0.923,5077.0,0.924,5612.0,11.0,20150826111637,-0.005,-0.54,0.922,0.909,0.919,425360.0,3896.0,0.0,0.0,1.41,0.0,0.0,0.0,-1.0,-1.0,0.041,0.384,0.177,0.398
0,sz150018,0.919,0.924,0.914,425360.0,180918.0,244442.0,0.919,15702.0,0.918,1163.0,0.917,3731.0,0.916,2323.0,0.915,1038.0,0.92,20.0,0.921,4143.0,0.922,9759.0,0.923,5077.0,0.924,5612.0,11.0,20150826111649,-0.005,-0.54,0.922,0.909,0.919,425360.0,3896.0,0.0,0.0,1.41,0.0,0.0,0.0,-1.0,-1.0,0.041,0.384,0.177,0.398
0,sz150018,0.919,0.924,0.914,425874.0,180918.0,244956.0,0.919,15188.0,0.918,1163.0,0.917,3731.0,0.916,2923.0,0.915,1038.0,0.92,20.0,0.921,4143.0,0.922,9759.0,0.923,5077.0,0.924,5612.0,11.0,20150826111704,-0.005,-0.54,0.922,0.909,0.919,425874.0,3901.0,0.0,0.0,1.41,0.0,0.0,0.0,-1.0,-1.0,0.041,0.383,0.177,0.399
0,sz150018,0.919,0.924,0.914,425874.0,180918.0,244956.0,0.919,15188.0,0.918,1163.0,0.917,3731.0,0.916,2923.0,0.915,1038.0,0.92,20.0,0.921,4143.0,0.922,9759.0,0.923,5077.0,0.924,5612.0,11.0,20150826111718,-0.005,-0.54,0.922,0.909,0.919,425874.0,3901.0,0.0,0.0,1.41,0.0,0.0,0.0,-1.0,-1.0,0.041,0.383,0.177,0.399
0,sz150018,0.919,0.924,0.914,425874.0,180918.0,244956.0,0.919,15188.0,0.918,1163.0,0.917,3731.0,0.916,2923.0,0.915,1038.0,0.92,20.0,0.921,4143.0,0.922,9759.0,0.923,5077.0,0.924,5612.0,11.0,20150826111734,-0.005,-0.54,0.922,0.909,0.919,425874.0,3901.0,0.0,0.0,1.41,0.0,0.0,0.0,-1.0,-1.0,0.041,0.383,0.177,0.399
0,sz150018,0.919,0.924,0.914,425874.0,180918.0,244956.0,0.919,15188.0,0.918,1163.0,0.917,3731.0,0.916,2923.0,0.915,1038.0,0.92,520.0,0.921,4143.0,0.922,9759.0,0.923,5077.0,0.924,5612.0,11.0,20150826111745,-0.005,-0.54,0.922,0.909,0.919,425874.0,3901.0,0.0,0.0,1.41,0.0,0.0,0.0,-1.0,-1.0,0.041,0.383,0.177,0.399
0,sz150018,0.919,0.924,0.914,425874.0,180918.0,244956.0,0.919,15188.0,0.918,1163.0,0.917,3731.0,0.916,2923.0,0.915,1038.0,0.92,520.0,0.921,4143.0,0.922,9759.0,0.923,5077.0,0.924,5612.0,11.0,20150826111800,-0.005,-0.54,0.922,0.909,0.919,425874.0,3901.0,0.0,0.0,1.41,0.0,0.0,0.0,-1.0,-1.0,0.041,0.383,0.177,0.399
0,sz150018,0.919,0.924,0.914,425874.0,180918.0,244956.0,0.919,15188.0,0.918,1163.0,0.917,3731.0,0.916,2923.0,0.915,1038.0,0.92,520.0,0.921,4143.0,0.922,9759.0,0.923,5077.0,0.924,5612.0,11.0,20150826111812,-0.005,-0.54,0.922,0.909,0.919,425874.0,3901.0,0.0,0.0,1.41,0.0,0.0,0.0,-1.0,-1.0,0.041,0.383,0.177,0.399
0,sz150018,0.919,0.924,0.914,426174.0,180918.0,245256.0,0.919,14888.0,0.918,1163.0,0.917,3731.0,0.916,2923.0,0.915,1038.0,0.92,520.0,0.921,4143.0,0.922,9759.0,0.923,5077.0,0.924,5612.0,11.0,20150826111827,-0.005,-0.54,0.922,0.909,0.919,426174.0,3904.0,0.0,0.0,1.41,0.0,0.0,0.0,-1.0,-1.0,0.041,0.383,0.176,0.399
0,sz150018,0.919,0.924,0.914,426174.0,180918.0,245256.0,0.919,14888.0,0.918,1163.0,0.917,3731.0,0.916,2923.0,0.915,1038.0,0.92,949.0,0.921,4043.0,0.922,9759.0,0.923,5077.0,0.924,5612.0,11.0,20150826111845,-0.005,-0.54,0.922,0.909,0.919,426174.0,3904.0,0.0,0.0,1.41,0.0,0.0,0.0,-1.0,-1.0,0.041,0.383,0.176,0.399
0,sz150018,0.919,0.924,0.914,426174.0,180918.0,245256.0,0.919,14888.0,0.918,1163.0,0.917,3731.0,0.916,2923.0,0.915,1038.0,0.92,949.0,0.921,4143.0,0.922,9759.0,0.923,5077.0,0.924,5612.0,11.0,20150826111857,-0.005,-0.54,0.922,0.909,0.919,426174.0,3904.0,0.0,0.0,1.41,0.0,0.0,0.0,-1.0,-1.0,0.041,0.383,0.176,0.399
0,sz150018,0.919,0.924,0.914,426174.0,180918.0,245256.0,0.919,14888.0,0.918,3163.0,0.917,3731.0,0.916,2923.0,0.915,1038.0,0.92,949.0,0.921,4143.0,0.922,9759.0,0.923,5077.0,0.924,5612.0,11.0,20150826111913,-0.005,-0.54,0.922,0.909,0.919,426174.0,3904.0,0.0,0.0,1.41,0.0,0.0,0.0,-1.0,-1.0,0.041,0.383,0.176,0.399
0,sz150018,0.919,0.924,0.914,426174.0,180918.0,245256.0,0.919,14888.0,0.918,3163.0,0.917,3731.0,0.916,2923.0,0.915,1038.0,0.92,949.0,0.921,4143.0,0.922,9759.0,0.923,5077.0,0.924,5612.0,11.0,20150826111927,-0.005,-0.54,0.922,0.909,0.919,426174.0,3904.0,0.0,0.0,1.41,0.0,0.0,0.0,-1.0,-1.0,0.041,0.383,0.176,0.399
0,sz150018,0.919,0.924,0.914,426174.0,180918.0,245256.0,0.919,14888.0,0.918,3163.0,0.917,3731.0,0.916,2923.0,0.915,1038.0,0.92,949.0,0.921,4143.0,0.922,9759.0,0.923,5077.0,0.924,5612.0,11.0,20150826111942,-0.005,-0.54,0.922,0.909,0.919,426174.0,3904.0,0.0,0.0,1.41,0.0,0.0,0.0,-1.0,-1.0,0.041,0.383,0.176,0.399
0,sz150018,0.92,0.924,0.914,427123.0,181868.0,245256.0,0.92,558.0,0.919,14888.0,0.918,3163.0,0.917,3731.0,0.916,2923.0,0.921,4143.0,0.922,9759.0,0.923,5077.0,0.924,5612.0,0.925,3489.0,11.0,20150826111955,-0.004,-0.43,0.922,0.909,0.919,427123.0,3913.0,0.0,0.0,1.41,0.0,0.0,0.0,-1.0,-1.0,0.041,0.384,0.176,0.398
0,sz150018,0.92,0.924,0.914,427123.0,181868.0,245256.0,0.92,558.0,0.919,14888.0,0.918,3163.0,0.917,3731.0,0.916,2923.0,0.921,4143.0,0.922,9759.0,0.923,5077.0,0.924,5612.0,0.925,3489.0,11.0,20150826112007,-0.004,-0.43,0.922,0.909,0.919,427123.0,3913.0,0.0,0.0,1.41,0.0,0.0,0.0,-1.0,-1.0,0.041,0.384,0.176,0.398
0,sz150018,0.92,0.924,0.914,427123.0,181868.0,245256.0,0.92,558.0,0.919,14888.0,0.918,3163.0,0.917,3731.0,0.916,2923.0,0.921,4143.0,0.922,9759.0,0.923,5077.0,0.924,5612.0,0.925,3489.0,11.0,20150826112025,-0.004,-0.43,0.922,0.909,0.919,427123.0,3913.0,0.0,0.0,1.41,0.0,0.0,0.0,-1.0,-1.0,0.041,0.384,0.176,0.398
0,sz150018,0.92,0.924,0.914,427123.0,181868.0,245256.0,0.92,558.0,0.919,16888.0,0.918,3163.0,0.917,3731.0,0.916,2923.0,0.921,4143.0,0.922,9759.0,0.923,5077.0,0.924,5612.0,0.925,3489.0,11.0,20150826112039,-0.004,-0.43,0.922,0.909,0.92,427123.0,3913.0,0.0,0.0,1.41,0.0,0.0,0.0,-1.0,-1.0,0.041,0.384,0.176,0.398
0,sz150018,0.92,0.924,0.914,427123.0,181868.0,245256.0,0.92,558.0,0.919,16888.0,0.918,2673.0,0.917,3731.0,0.916,2923.0,0.921,4143.0,0.922,9759.0,0.923,5077.0,0.924,5612.0,0.925,3489.0,11.0,20150826112054,-0.004,-0.43,0.922,0.909,0.92,427123.0,3913.0,0.0,0.0,1.41,0.0,0.0,0.0,-1.0,-1.0,0.041,0.384,0.176,0.398
0,sz150018,0.92,0.924,0.914,427681.0,181868.0,245814.0,0.919,16888.0,0.918,2673.0,0.917,3731.0,0.916,2923.0,0.915,1038.0,0.921,4583.0,0.922,9759.0,0.923,5077.0,0.924,5612.0,0.925,3489.0,11.0,20150826112110,-0.004,-0.43,0.922,0.909,0.92,427681.0,3918.0,0.0,0.0,1.41,0.0,0.0,0.0,-1.0,-1.0,0.041,0.384,0.176,0.399
0,sz150018,0.919,0.924,0.914,429431.0,181868.0,247564.0,0.919,15138.0,0.918,2673.0,0.917,3731.0,0.916,2923.0,0.915,1038.0,0.921,4583.0,0.922,9759.0,0.923,5077.0,0.924,5612.0,0.925,3489.0,11.0,20150826112122,-0.005,-0.54,0.922,0.909,0.92,429431.0,3934.0,0.0,0.0,1.41,0.0,0.0,0.0,-1.0,-1.0,0.041,0.382,0.175,0.402
0,sz150018,0.919,0.924,0.914,430343.0,181868.0,248476.0,0.919,14226.0,0.918,2673.0,0.917,3731.0,0.916,2923.0,0.915,1038.0,0.921,4143.0,0.922,9759.0,0.923,5077.0,0.924,5612.0,0.925,3489.0,11.0,20150826112137,-0.005,-0.54,0.922,0.909,0.92,430343.0,3942.0,0.0,0.0,1.41,0.0,0.0,0.0,-1.0,-1.0,0.041,0.382,0.175,0.403
0,sz150018,0.919,0.924,0.914,430343.0,181868.0,248476.0,0.919,14226.0,0.918,2673.0,0.917,3731.0,0.916,2923.0,0.915,1038.0,0.921,4143.0,0.922,9759.0,0.923,5077.0,0.924,5612.0,0.925,3489.0,11.0,20150826112154,-0.005,-0.54,0.922,0.909,0.92,430343.0,3942.0,0.0,0.0,1.41,0.0,0.0,0.0,-1.0,-1.0,0.041,0.382,0.175,0.403
0,sz150018,0.919,0.924,0.914,431488.0,181868.0,249620.0,0.919,13081.0,0.918,2673.0,0.917,3731.0,0.916,2923.0,0.915,1038.0,0.921,4566.0,0.922,9759.0,0.923,5077.0,0.924,5612.0,0.925,3489.0,11.0,20150826112207,-0.005,-0.54,0.922,0.909,0.919,431488.0,3953.0,0.0,0.0,1.41,0.0,0.0,0.0,-1.0,-1.0,0.041,0.38,0.174,0.404
0,sz150018,0.919,0.924,0.914,431978.0,181868.0,250110.0,0.919,12591.0,0.918,2673.0,0.917,3731.0,0.916,2923.0,0.915,1038.0,0.921,4143.0,0.922,9759.0,0.923,5077.0,0.924,5612.0,0.925,3489.0,11.0,20150826112224,-0.005,-0.54,0.922,0.909,0.919,431978.0,3957.0,0.0,0.0,1.41,0.0,0.0,0.0,-1.0,-1.0,0.041,0.38,0.174,0.405
0,sz150018,0.919,0.924,0.914,431978.0,181868.0,250110.0,0.919,12591.0,0.918,2673.0,0.917,3731.0,0.916,2923.0,0.915,1038.0,0.92,5000.0,0.921,4581.0,0.922,9759.0,0.923,5077.0,0.924,5612.0,11.0,20150826112236,-0.005,-0.54,0.922,0.909,0.919,431978.0,3957.0,0.0,0.0,1.41,0.0,0.0,0.0,-1.0,-1.0,0.041,0.38,0.174,0.405
0,sz150018,0.919,0.924,0.914,431978.0,181868.0,250110.0,0.919,12591.0,0.918,2673.0,0.917,3731.0,0.916,2923.0,0.915,1038.0,0.92,5000.0,0.921,3381.0,0.922,9759.0,0.923,5077.0,0.924,5612.0,11.0,20150826112255,-0.005,-0.54,0.922,0.909,0.919,431978.0,3957.0,0.0,0.0,1.41,0.0,0.0,0.0,-1.0,-1.0,0.041,0.38,0.174,0.405
0,sz150018,0.919,0.924,0.914,431978.0,181868.0,250110.0,0.919,12591.0,0.918,2673.0,0.917,3731.0,0.916,2923.0,0.915,1038.0,0.92,5000.0,0.921,3381.0,0.922,9759.0,0.923,5077.0,0.924,5612.0,11.0,20150826112310,-0.005,-0.54,0.922,0.909,0.919,431978.0,3957.0,0.0,0.0,1.41,0.0,0.0,0.0,-1.0,-1.0,0.041,0.38,0.174,0.405
0,sz150018,0.919,0.924,0.914,431987.0,181868.0,250120.0,0.919,12581.0,0.918,2673.0,0.917,3731.0,0.916,2205.0,0.915,1038.0,0.92,5000.0,0.921,3381.0,0.922,9759.0,0.923,5077.0,0.924,5612.0,11.0,20150826112325,-0.005,-0.54,0.922,0.909,0.919,431987.0,3957.0,0.0,0.0,1.41,0.0,0.0,0.0,-1.0,-1.0,0.041,0.38,0.174,0.405
0,sz150018,0.919,0.924,0.914,431987.0,181868.0,250120.0,0.919,12581.0,0.918,2673.0,0.917,3731.0,0.916,2205.0,0.915,1038.0,0.92,5000.0,0.921,3381.0,0.922,9759.0,0.923,5077.0,0.924,5612.0,11.0,20150826112337,-0.005,-0.54,0.922,0.909,0.919,431987.0,3957.0,0.0,0.0,1.41,0.0,0.0,0.0,-1.0,-1.0,0.041,0.38,0.174,0.405
0,sz150018,0.919,0.924,0.914,433622.0,181868.0,251754.0,0.919,10946.0,0.918,2673.0,0.917,3731.0,0.916,2205.0,0.915,1038.0,0.92,5000.0,0.921,3378.0,0.922,9759.0,0.923,5077.0,0.924,5612.0,11.0,20150826112354,-0.005,-0.54,0.922,0.909,0.919,433622.0,3972.0,0.0,0.0,1.41,0.0,0.0,0.0,-1.0,-1.0,0.041,0.378,0.173,0.409
0,sz150018,0.919,0.924,0.914,434956.0,181868.0,253088.0,0.919,9612.0,0.918,2673.0,0.917,3731.0,0.916,2205.0,0.915,1038.0,0.92,5000.0,0.921,3378.0,0.922,8759.0,0.923,5077.0,0.924,5612.0,11.0,20150826112410,-0.005,-0.54,0.922,0.909,0.919,434956.0,3985.0,0.0,0.0,1.41,0.0,0.0,0.0,-1.0,-1.0,0.041,0.377,0.173,0.409
0,sz150018,0.919,0.924,0.914,438823.0,181868.0,256956.0,0.919,5745.0,0.918,2673.0,0.917,3731.0,0.916,2205.0,0.915,1038.0,0.92,5000.0,0.921,2478.0,0.922,8759.0,0.923,5077.0,0.924,5612.0,11.0,20150826112428,-0.005,-0.54,0.922,0.909,0.919,438823.0,4020.0,0.0,0.0,1.41,0.0,0.0,0.0,-1.0,-1.0,0.04,0.374,0.171,0.414
0,sz150018,0.919,0.924,0.914,443327.0,181868.0,261460.0,0.919,1241.0,0.918,2673.0,0.917,3731.0,0.916,2205.0,0.915,1038.0,0.92,5000.0,0.921,2478.0,0.922,8759.0,0.923,5077.0,0.924,5612.0,11.0,20150826112443,-0.005,-0.54,0.922,0.909,0.919,443327.0,4061.0,0.0,0.0,1.41,0.0,0.0,0.0,-1.0,-1.0,0.04,0.37,0.17,0.42
0,sz150018,0.919,0.924,0.914,444569.0,181868.0,262702.0,0.918,2673.0,0.917,3731.0,0.916,2205.0,0.915,1038.0,0.914,1370.0,0.919,571.0,0.92,5000.0,0.921,2478.0,0.922,7759.0,0.923,5077.0,11.0,20150826112458,-0.005,-0.54,0.922,0.909,0.919,444569.0,4073.0,0.0,0.0,1.41,0.0,0.0,0.0,-1.0,-1.0,0.04,0.369,0.169,0.422
0,sz150018,0.919,0.924,0.914,444569.0,181868.0,262702.0,0.918,2673.0,0.917,3731.0,0.916,2205.0,0.915,1038.0,0.914,1370.0,0.919,4686.0,0.92,5222.0,0.921,2040.0,0.922,7759.0,0.923,5077.0,11.0,20150826112510,-0.005,-0.54,0.922,0.909,0.919,444569.0,4073.0,0.0,0.0,1.41,0.0,0.0,0.0,-1.0,-1.0,0.04,0.369,0.169,0.422
0,sz150018,0.917,0.924,0.914,448404.0,181868.0,266536.0,0.917,2569.0,0.916,2205.0,0.915,1038.0,0.914,1370.0,0.913,612.0,0.918,2750.0,0.919,4686.0,0.92,5222.0,0.921,2040.0,0.922,7759.0,11.0,20150826112528,-0.007,-0.76,0.922,0.909,0.919,448404.0,4108.0,0.0,0.0,1.41,0.0,0.0,0.0,-1.0,-1.0,0.039,0.366,0.168,0.427
0,sz150018,0.917,0.924,0.914,448404.0,181868.0,266536.0,0.917,2569.0,0.916,2205.0,0.915,1038.0,0.914,1370.0,0.913,612.0,0.918,2750.0,0.919,4691.0,0.92,5227.0,0.921,2040.0,0.922,7759.0,11.0,20150826112543,-0.007,-0.76,0.922,0.909,0.919,448404.0,4108.0,0.0,0.0,1.41,0.0,0.0,0.0,-1.0,-1.0,0.039,0.366,0.168,0.427
0,sz150018,0.917,0.924,0.914,448404.0,181868.0,266536.0,0.917,2569.0,0.916,2205.0,0.915,905.0,0.914,1370.0,0.913,612.0,0.918,2750.0,0.919,4691.0,0.92,5227.0,0.921,2040.0,0.922,7759.0,11.0,20150826112558,-0.007,-0.76,0.922,0.909,0.919,448404.0,4108.0,0.0,0.0,1.41,0.0,0.0,0.0,-1.0,-1.0,0.039,0.366,0.168,0.427
0,sz150018,0.917,0.924,0.914,448404.0,181868.0,266536.0,0.917,2569.0,0.916,2205.0,0.915,905.0,0.914,1370.0,0.913,612.0,0.918,2750.0,0.919,691.0,0.92,227.0,0.921,1540.0,0.922,7759.0,11.0,20150826112613,-0.007,-0.76,0.922,0.909,0.917,448404.0,4108.0,0.0,0.0,1.41,0.0,0.0,0.0,-1.0,-1.0,0.039,0.366,0.168,0.427
0,sz150018,0.917,0.924,0.914,448404.0,181868.0,266536.0,0.917,2569.0,0.916,2205.0,0.915,905.0,0.914,1370.0,0.913,612.0,0.918,2750.0,0.919,691.0,0.92,227.0,0.921,1540.0,0.922,7759.0,11.0,20150826112631,-0.007,-0.76,0.922,0.909,0.917,448404.0,4108.0,0.0,0.0,1.41,0.0,0.0,0.0,-1.0,-1.0,0.039,0.366,0.168,0.427
0,sz150018,0.916,0.924,0.914,451042.0,181868.0,269174.0,0.916,2136.0,0.915,905.0,0.914,1370.0,0.913,612.0,0.912,1005.0,0.918,3950.0,0.919,691.0,0.92,227.0,0.921,1540.0,0.922,7759.0,11.0,20150826112646,-0.008,-0.87,0.922,0.909,0.917,451042.0,4132.0,0.0,0.0,1.41,0.0,0.0,0.0,-1.0,-1.0,0.039,0.364,0.167,0.43
0,sz150018,0.916,0.924,0.914,451615.0,181868.0,269748.0,0.916,3663.0,0.915,905.0,0.914,1370.0,0.913,612.0,0.912,1005.0,0.917,500.0,0.918,1628.0,0.919,691.0,0.92,227.0,0.921,1540.0,11.0,20150826112701,-0.008,-0.87,0.922,0.909,0.916,451615.0,4138.0,0.0,0.0,1.41,0.0,0.0,0.0,-1.0,-1.0,0.039,0.364,0.166,0.431
0,sz150018,0.916,0.924,0.914,451615.0,181868.0,269748.0,0.916,3663.0,0.915,905.0,0.914,1370.0,0.913,612.0,0.912,1005.0,0.917,500.0,0.918,1628.0,0.919,691.0,0.92,227.0,0.921,1540.0,11.0,20150826112716,-0.008,-0.87,0.922,0.909,0.916,451615.0,4138.0,0.0,0.0,1.41,0.0,0.0,0.0,-1.0,-1.0,0.039,0.364,0.166,0.431
0,sz150018,0.917,0.924,0.914,453015.0,182868.0,270148.0,0.916,3663.0,0.915,905.0,0.914,1370.0,0.913,612.0,0.912,1005.0,0.917,5405.0,0.918,1205.0,0.919,691.0,0.92,227.0,0.921,1540.0,11.0,20150826112731,-0.007,-0.76,0.922,0.909,0.916,453015.0,4150.0,0.0,0.0,1.41,0.0,0.0,0.0,-1.0,-1.0,0.039,0.364,0.166,0.431
0,sz150018,0.916,0.924,0.914,456379.0,183818.0,272560.0,0.916,1250.0,0.915,905.0,0.914,1370.0,0.913,612.0,0.912,1005.0,0.917,4019.0,0.918,1205.0,0.919,691.0,0.92,227.0,0.921,1540.0,11.0,20150826112746,-0.008,-0.87,0.922,0.909,0.916,456379.0,4181.0,0.0,0.0,1.41,0.0,0.0,0.0,-1.0,-1.0,0.039,0.364,0.165,0.432
0,sz150018,0.915,0.924,0.914,458333.0,185152.0,273182.0,0.915,634.0,0.914,1370.0,0.913,612.0,0.912,1005.0,0.911,2375.0,0.917,3686.0,0.918,1205.0,0.919,691.0,0.92,227.0,0.921,1540.0,11.0,20150826112804,-0.009,-0.97,0.922,0.909,0.917,458333.0,4199.0,0.0,0.0,1.41,0.0,0.0,0.0,-1.0,-1.0,0.039,0.366,0.164,0.432
0,sz150018,0.915,0.924,0.914,458910.0,185152.0,273758.0,0.915,57.0,0.914,1370.0,0.913,612.0,0.912,1005.0,0.911,2375.0,0.917,3686.0,0.918,1205.0,0.919,691.0,0.92,227.0,0.921,1540.0,11.0,20150826112819,-0.009,-0.97,0.922,0.909,0.917,458910.0,4204.0,0.0,0.0,1.41,0.0,0.0,0.0,-1.0,-1.0,0.038,0.365,0.164,0.433
0,sz150018,0.915,0.924,0.914,458910.0,185152.0,273758.0,0.916,1000.0,0.915,57.0,0.914,1370.0,0.913,612.0,0.912,1005.0,0.917,4115.0,0.918,1205.0,0.919,691.0,0.92,227.0,0.921,1540.0,11.0,20150826112837,-0.009,-0.97,0.922,0.909,0.917,458910.0,4204.0,0.0,0.0,1.41,0.0,0.0,0.0,-1.0,-1.0,0.038,0.365,0.164,0.433
0,sz150018,0.915,0.924,0.914,458910.0,185152.0,273758.0,0.916,1000.0,0.915,100.0,0.914,1370.0,0.913,612.0,0.912,1005.0,0.917,4115.0,0.918,1205.0,0.919,691.0,0.92,227.0,0.921,1540.0,11.0,20150826112852,-0.009,-0.97,0.922,0.909,0.917,458910.0,4204.0,0.0,0.0,1.41,0.0,0.0,0.0,-1.0,-1.0,0.038,0.365,0.164,0.433
0,sz150018,0.917,0.924,0.914,460538.0,186780.0,273758.0,0.916,1000.0,0.915,100.0,0.914,1370.0,0.913,612.0,0.912,1005.0,0.917,2487.0,0.918,1205.0,0.919,691.0,0.92,477.0,0.921,1540.0,11.0,20150826112907,-0.007,-0.76,0.922,0.909,0.915,460538.0,4219.0,0.0,0.0,1.41,0.0,0.0,0.0,-1.0,-1.0,0.038,0.367,0.163,0.431
0,sz150018,0.917,0.924,0.914,464184.0,188844.0,275340.0,0.917,325.0,0.916,1000.0,0.915,100.0,0.914,1370.0,0.913,712.0,0.918,1205.0,0.919,691.0,0.92,477.0,0.921,1540.0,0.922,11507.0,11.0,20150826112922,-0.007,-0.76,0.922,0.909,0.915,464184.0,4253.0,0.0,0.0,1.41,0.0,0.0,0.0,-1.0,-1.0,0.038,0.369,0.162,0.431
0,sz150018,0.917,0.924,0.914,464184.0,188844.0,275340.0,0.917,325.0,0.916,1000.0,0.915,105.0,0.914,1370.0,0.913,712.0,0.918,1205.0,0.919,691.0,0.92,477.0,0.921,1540.0,0.922,11507.0,11.0,20150826112940,-0.007,-0.76,0.922,0.909,0.915,464184.0,4253.0,0.0,0.0,1.41,0.0,0.0,0.0,-1.0,-1.0,0.038,0.369,0.162,0.431
0,sz150018,0.917,0.924,0.914,464184.0,188844.0,275340.0,0.917,325.0,0.916,1000.0,0.915,105.0,0.914,1370.0,0.913,712.0,0.918,1205.0,0.919,691.0,0.92,477.0,0.921,1540.0,0.922,11507.0,11.0,20150826112958,-0.007,-0.76,0.922,0.909,0.915,464184.0,4253.0,0.0,0.0,1.41,0.0,0.0,0.0,-1.0,-1.0,0.038,0.369,0.162,0.431
0,sz150018,0.917,0.924,0.914,464184.0,188844.0,275340.0,0.917,325.0,0.916,1000.0,0.915,105.0,0.914,1370.0,0.913,712.0,0.918,1205.0,0.919,691.0,0.92,477.0,0.921,1540.0,0.922,11507.0,11.0,20150826113007,-0.007,-0.76,0.922,0.909,0.915,464184.0,4253.0,0.0,0.0,1.41,0.0,0.0,0.0,-1.0,-1.0,0.038,0.369,0.162,0.431
0,sz150018,0.917,0.924,0.914,464184.0,188844.0,275340.0,0.917,325.0,0.916,1000.0,0.915,105.0,0.914,1370.0,0.913,712.0,0.918,1205.0,0.919,691.0,0.92,477.0,0.921,1540.0,0.922,11507.0,11.0,20150826113022,-0.007,-0.76,0.922,0.909,0.915,464184.0,4253.0,0.0,0.0,1.41,0.0,0.0,0.0,-1.0,-1.0,0.038,0.369,0.162,0.431
0,sz150018,0.917,0.924,0.914,464184.0,188844.0,275340.0,0.917,325.0,0.916,1000.0,0.915,105.0,0.914,1370.0,0.913,712.0,0.918,1205.0,0.919,691.0,0.92,477.0,0.921,1540.0,0.922,11507.0,11.0,20150826113046,-0.007,-0.76,0.922,0.909,0.915,464184.0,4253.0,0.0,0.0,1.41,0.0,0.0,0.0,-1.0,-1.0,0.038,0.369,0.162,0.431
0,sz150018,0.917,0.924,0.914,464184.0,188844.0,275340.0,0.917,325.0,0.916,1000.0,0.915,105.0,0.914,1370.0,0.913,712.0,0.918,1205.0,0.919,691.0,0.92,477.0,0.921,1540.0,0.922,11507.0,11.0,20150826113049,-0.007,-0.76,0.922,0.909,0.915,464184.0,4253.0,0.0,0.0,1.41,0.0,0.0,0.0,-1.0,-1.0,0.038,0.369,0.162,0.431
0,sz150018,0.917,0.924,0.914,464184.0,188844.0,275340.0,0.917,325.0,0.916,1000.0,0.915,105.0,0.914,1370.0,0.913,712.0,0.918,1205.0,0.919,691.0,0.92,477.0,0.921,1540.0,0.922,11507.0,11.0,20150826124956,-0.007,-0.76,0.922,0.909,0.915,464184.0,4253.0,0.0,0.0,1.41,0.0,0.0,0.0,-1.0,-1.0,0.038,0.369,0.162,0.431
0,sz150018,0.917,0.924,0.914,466493.0,190328.0,276166.0,0.915,106.0,0.914,1000.0,0.913,712.0,0.912,1005.0,0.911,1524.0,0.917,1027.0,0.918,1083.0,0.919,1739.0,0.92,327.0,0.921,2100.0,13.0,20150826130011,-0.007,-0.76,0.922,0.909,0.917,466493.0,4274.0,0.0,0.0,1.41,0.0,0.0,0.0,-1.0,-1.0,0.038,0.37,0.161,0.431
0,sz150018,0.917,0.924,0.914,466679.0,190398.0,276281.0,0.914,1000.0,0.913,712.0,0.912,1005.0,0.911,1524.0,0.91,174103.0,0.917,983.0,0.918,655.0,0.919,2072.0,0.92,327.0,0.921,2100.0,13.0,20150826130030,-0.007,-0.76,0.922,0.909,0.917,466679.0,4276.0,0.0,0.0,1.41,0.0,0.0,0.0,-1.0,-1.0,0.038,0.37,0.161,0.431
0,sz150018,0.917,0.924,0.914,467871.0,191590.0,276281.0,0.914,1000.0,0.913,712.0,0.912,1005.0,0.911,1524.0,0.91,174103.0,0.917,1119.0,0.918,655.0,0.919,2072.0,0.92,327.0,0.921,2100.0,13.0,20150826130044,-0.007,-0.76,0.922,0.909,0.917,467871.0,4287.0,0.0,0.0,1.41,0.0,0.0,0.0,-1.0,-1.0,0.038,0.372,0.161,0.43
0,sz150018,0.917,0.924,0.914,467871.0,191590.0,276281.0,0.914,1000.0,0.913,712.0,0.912,1005.0,0.911,1524.0,0.91,174103.0,0.917,1239.0,0.918,655.0,0.919,2072.0,0.92,327.0,0.921,2100.0,13.0,20150826130105,-0.007,-0.76,0.922,0.909,0.917,467871.0,4287.0,0.0,0.0,1.41,0.0,0.0,0.0,-1.0,-1.0,0.038,0.372,0.161,0.43
0,sz150018,0.917,0.924,0.914,467871.0,191590.0,276281.0,0.914,1000.0,0.913,712.0,0.912,1005.0,0.911,1374.0,0.91,174103.0,0.917,1239.0,0.918,655.0,0.919,2072.0,0.92,327.0,0.921,2100.0,13.0,20150826130121,-0.007,-0.76,0.922,0.909,0.917,467871.0,4287.0,0.0,0.0,1.41,0.0,0.0,0.0,-1.0,-1.0,0.038,0.372,0.161,0.43
0,sz150018,0.917,0.924,0.914,468971.0,192690.0,276281.0,0.914,1000.0,0.913,812.0,0.912,1005.0,0.911,1374.0,0.91,174103.0,0.917,440.0,0.918,655.0,0.919,2072.0,0.92,327.0,0.921,2100.0,13.0,20150826130138,-0.007,-0.76,0.922,0.909,0.917,468971.0,4297.0,0.0,0.0,1.41,0.0,0.0,0.0,-1.0,-1.0,0.038,0.373,0.16,0.429
0,sz150018,0.917,0.924,0.914,468971.0,192690.0,276281.0,0.914,1000.0,0.913,812.0,0.912,1005.0,0.911,1374.0,0.91,174103.0,0.917,440.0,0.918,655.0,0.919,2072.0,0.92,327.0,0.921,2100.0,13.0,20150826130153,-0.007,-0.76,0.922,0.909,0.917,468971.0,4297.0,0.0,0.0,1.41,0.0,0.0,0.0,-1.0,-1.0,0.038,0.373,0.16,0.429
0,sz150018,0.914,0.924,0.914,468995.0,192690.0,276305.0,0.914,976.0,0.913,812.0,0.912,1005.0,0.911,1374.0,0.91,174103.0,0.917,440.0,0.918,655.0,0.919,2072.0,0.92,327.0,0.921,2100.0,13.0,20150826130212,-0.01,-1.08,0.922,0.909,0.917,468995.0,4297.0,0.0,0.0,1.41,0.0,0.0,0.0,-1.0,-1.0,0.038,0.373,0.16,0.429
0,sz150018,0.914,0.924,0.914,469971.0,192690.0,277281.0,0.913,812.0,0.912,1005.0,0.911,1374.0,0.91,174103.0,0.909,7100.0,0.914,544.0,0.917,5.0,0.918,655.0,0.919,1739.0,0.92,327.0,13.0,20150826130227,-0.01,-1.08,0.922,0.909,0.914,469971.0,4306.0,0.0,0.0,1.41,0.0,0.0,0.0,-1.0,-1.0,0.038,0.372,0.16,0.43
0,sz150018,0.916,0.924,0.914,470646.0,193365.0,277281.0,0.913,697.0,0.912,1005.0,0.911,1374.0,0.91,174103.0,0.909,7100.0,0.916,751.0,0.917,5.0,0.918,1255.0,0.919,1739.0,0.92,327.0,13.0,20150826130244,-0.008,-0.87,0.922,0.909,0.914,470646.0,4312.0,0.0,0.0,1.41,0.0,0.0,0.0,-1.0,-1.0,0.038,0.373,0.16,0.43
0,sz150018,0.916,0.924,0.914,470946.0,193665.0,277281.0,0.913,697.0,0.912,1105.0,0.911,1491.0,0.91,174103.0,0.909,7100.0,0.916,458.0,0.917,5.0,0.918,1255.0,0.919,1739.0,0.92,327.0,13.0,20150826130303,-0.008,-0.87,0.922,0.909,0.916,470946.0,4315.0,0.0,0.0,1.41,0.0,0.0,0.0,-1.0,-1.0,0.037,0.374,0.16,0.429
0,sz150018,0.913,0.924,0.914,471522.0,193665.0,277857.0,0.913,121.0,0.912,1105.0,0.911,1491.0,0.91,174103.0,0.909,7100.0,0.916,458.0,0.917,5.0,0.918,1255.0,0.919,1739.0,0.92,327.0,13.0,20150826130320,-0.011,-1.19,0.922,0.909,0.916,471522.0,4320.0,0.0,0.0,1.41,0.0,0.0,0.0,-1.0,-1.0,0.037,0.373,0.159,0.43
0,sz150018,0.916,0.924,0.914,472122.0,194072.0,278050.0,0.914,300.0,0.913,121.0,0.912,1105.0,0.911,1641.0,0.91,174103.0,0.917,5.0,0.918,1255.0,0.919,1739.0,0.92,327.0,0.921,2100.0,13.0,20150826130335,-0.008,-0.87,0.922,0.909,0.916,472122.0,4325.0,0.0,0.0,1.41,0.0,0.0,0.0,-1.0,-1.0,0.037,0.374,0.159,0.43
0,sz150018,0.916,0.924,0.914,472122.0,194072.0,278050.0,0.914,300.0,0.913,1384.0,0.912,1105.0,0.911,1641.0,0.91,174103.0,0.917,5.0,0.918,1255.0,0.919,1739.0,0.92,327.0,0.921,2100.0,13.0,20150826130357,-0.008,-0.87,0.922,0.909,0.916,472122.0,4325.0,0.0,0.0,1.41,0.0,0.0,0.0,-1.0,-1.0,0.037,0.374,0.159,0.43
0,sz150018,0.916,0.924,0.914,472122.0,194072.0,278050.0,0.914,300.0,0.913,1384.0,0.912,1105.0,0.911,1641.0,0.91,174103.0,0.917,1105.0,0.918,1255.0,0.919,1739.0,0.92,327.0,0.921,2100.0,13.0,20150826130412,-0.008,-0.87,0.922,0.909,0.916,472122.0,4325.0,0.0,0.0,1.41,0.0,0.0,0.0,-1.0,-1.0,0.037,0.374,0.159,0.43
0,sz150018,0.914,0.924,0.914,473256.0,194881.0,278375.0,0.913,1384.0,0.912,1105.0,0.911,1941.0,0.91,173703.0,0.909,2100.0,0.914,866.0,0.917,1105.0,0.918,1255.0,0.919,1739.0,0.92,327.0,13.0,20150826130429,-0.01,-1.08,0.922,0.909,0.916,473256.0,4336.0,0.0,0.0,1.41,0.0,0.0,0.0,-1.0,-1.0,0.037,0.375,0.159,0.429
0,sz150018,0.914,0.924,0.914,474564.0,196189.0,278375.0,0.914,774.0,0.913,3384.0,0.912,1105.0,0.911,1941.0,0.91,173703.0,0.917,1531.0,0.918,1255.0,0.919,1839.0,0.92,327.0,0.921,2100.0,13.0,20150826130447,-0.01,-1.08,0.922,0.909,0.916,474564.0,4348.0,0.0,0.0,1.41,0.0,0.0,0.0,-1.0,-1.0,0.037,0.376,0.158,0.428
0,sz150018,0.914,0.924,0.914,474564.0,196189.0,278375.0,0.914,774.0,0.913,1384.0,0.912,1105.0,0.911,1941.0,0.91,173703.0,0.917,2531.0,0.918,1255.0,0.919,1839.0,0.92,327.0,0.921,2100.0,13.0,20150826130505,-0.01,-1.08,0.922,0.909,0.914,474564.0,4348.0,0.0,0.0,1.41,0.0,0.0,0.0,-1.0,-1.0,0.037,0.376,0.158,0.428
0,sz150018,0.914,0.924,0.914,474564.0,196189.0,278375.0,0.914,500.0,0.913,1384.0,0.912,1105.0,0.911,1941.0,0.91,173703.0,0.917,2531.0,0.918,1255.0,0.919,1839.0,0.92,327.0,0.921,2100.0,13.0,20150826130523,-0.01,-1.08,0.922,0.909,0.914,474564.0,4348.0,0.0,0.0,1.41,0.0,0.0,0.0,-1.0,-1.0,0.037,0.376,0.158,0.428
0,sz150018,0.914,0.924,0.914,474564.0,196189.0,278375.0,0.914,500.0,0.913,3384.0,0.912,1105.0,0.911,1941.0,0.91,173703.0,0.917,2531.0,0.918,1255.0,0.919,1839.0,0.92,327.0,0.921,2100.0,13.0,20150826130538,-0.01,-1.08,0.922,0.909,0.914,474564.0,4348.0,0.0,0.0,1.41,0.0,0.0,0.0,-1.0,-1.0,0.037,0.376,0.158,0.428
0,sz150018,0.914,0.924,0.914,478548.0,199420.0,279128.0,0.914,5990.0,0.913,3384.0,0.912,1105.0,0.911,1941.0,0.91,173703.0,0.916,1326.0,0.918,1255.0,0.919,1839.0,0.92,327.0,0.921,2100.0,13.0,20150826130557,-0.01,-1.08,0.922,0.909,0.914,478548.0,4384.0,0.0,0.0,1.41,0.0,0.0,0.0,-1.0,-1.0,0.037,0.38,0.157,0.426
0,sz150018,0.914,0.924,0.914,479940.0,199420.0,280520.0,0.915,5.0,0.914,4598.0,0.913,3384.0,0.912,1105.0,0.911,1941.0,0.916,696.0,0.917,400.0,0.918,1255.0,0.919,1839.0,0.92,327.0,13.0,20150826130618,-0.01,-1.08,0.922,0.909,0.914,479940.0,4397.0,0.0,0.0,1.41,0.0,0.0,0.0,-1.0,-1.0,0.037,0.379,0.157,0.428
0,sz150018,0.914,0.924,0.914,480170.0,199420.0,280750.0,0.914,4373.0,0.913,3384.0,0.912,1105.0,0.911,2311.0,0.91,168203.0,0.916,696.0,0.917,405.0,0.918,1255.0,0.919,1839.0,0.92,327.0,13.0,20150826130633,-0.01,-1.08,0.922,0.909,0.914,480170.0,4399.0,0.0,0.0,1.41,0.0,0.0,0.0,-1.0,-1.0,0.037,0.378,0.157,0.428
0,sz150018,0.914,0.924,0.914,480170.0,199420.0,280750.0,0.914,4373.0,0.913,3384.0,0.912,1105.0,0.911,2311.0,0.91,168203.0,0.916,696.0,0.917,405.0,0.918,1255.0,0.919,1839.0,0.92,327.0,13.0,20150826130651,-0.01,-1.08,0.922,0.909,0.914,480170.0,4399.0,0.0,0.0,1.41,0.0,0.0,0.0,-1.0,-1.0,0.037,0.378,0.157,0.428
0,sz150018,0.914,0.924,0.914,480170.0,199420.0,280750.0,0.915,100.0,0.914,4373.0,0.913,3384.0,0.912,1105.0,0.911,2311.0,0.916,696.0,0.917,405.0,0.918,1255.0,0.919,1839.0,0.92,327.0,13.0,20150826130709,-0.01,-1.08,0.922,0.909,0.914,480170.0,4399.0,0.0,0.0,1.41,0.0,0.0,0.0,-1.0,-1.0,0.037,0.378,0.157,0.428
0,sz150018,0.914,0.924,0.914,480170.0,199420.0,280750.0,0.915,400.0,0.914,4373.0,0.913,3384.0,0.912,1105.0,0.911,2811.0,0.916,696.0,0.917,405.0,0.918,1255.0,0.919,1268.0,0.92,327.0,13.0,20150826130727,-0.01,-1.08,0.922,0.909,0.914,480170.0,4399.0,0.0,0.0,1.41,0.0,0.0,0.0,-1.0,-1.0,0.037,0.378,0.157,0.428
0,sz150018,0.914,0.924,0.914,480170.0,199420.0,280750.0,0.915,400.0,0.914,4373.0,0.913,3384.0,0.912,1105.0,0.911,3311.0,0.916,696.0,0.917,405.0,0.918,1255.0,0.919,1268.0,0.92,327.0,13.0,20150826130748,-0.01,-1.08,0.922,0.909,0.914,480170.0,4399.0,0.0,0.0,1.41,0.0,0.0,0.0,-1.0,-1.0,0.037,0.378,0.157,0.428
0,sz150018,0.914,0.924,0.914,480170.0,199420.0,280750.0,0.915,400.0,0.914,4373.0,0.913,3384.0,0.912,1105.0,0.911,3311.0,0.916,696.0,0.917,405.0,0.918,1255.0,0.919,1268.0,0.92,327.0,13.0,20150826130806,-0.01,-1.08,0.922,0.909,0.914,480170.0,4399.0,0.0,0.0,1.41,0.0,0.0,0.0,-1.0,-1.0,0.037,0.378,0.157,0.428
0,sz150018,0.916,0.924,0.914,480672.0,199922.0,280750.0,0.915,1177.0,0.914,6643.0,0.913,3384.0,0.912,1105.0,0.911,3311.0,0.917,405.0,0.918,1255.0,0.919,1268.0,0.92,327.0,0.921,2100.0,13.0,20150826130824,-0.008,-0.87,0.922,0.909,0.914,480672.0,4404.0,0.0,0.0,1.41,0.0,0.0,0.0,-1.0,-1.0,0.037,0.379,0.156,0.428
0,sz150018,0.916,0.924,0.914,480672.0,199922.0,280750.0,0.915,1177.0,0.914,6643.0,0.913,3384.0,0.912,1105.0,0.911,3311.0,0.917,405.0,0.918,1255.0,0.919,1268.0,0.92,327.0,0.921,2100.0,13.0,20150826130842,-0.008,-0.87,0.922,0.909,0.914,480672.0,4404.0,0.0,0.0,1.41,0.0,0.0,0.0,-1.0,-1.0,0.037,0.379,0.156,0.428
0,sz150018,0.916,0.924,0.914,480672.0,199922.0,280750.0,0.915,1177.0,0.914,6643.0,0.913,3384.0,0.912,1105.0,0.911,3311.0,0.917,405.0,0.918,1255.0,0.919,1268.0,0.92,327.0,0.921,1860.0,13.0,20150826130900,-0.008,-0.87,0.922,0.909,0.914,480672.0,4404.0,0.0,0.0,1.41,0.0,0.0,0.0,-1.0,-1.0,0.037,0.379,0.156,0.428
0,sz150018,0.916,0.924,0.914,480672.0,199922.0,280750.0,0.915,1177.0,0.914,5413.0,0.913,3384.0,0.912,1105.0,0.911,3311.0,0.916,948.0,0.917,405.0,0.918,1255.0,0.919,1268.0,0.92,327.0,13.0,20150826130918,-0.008,-0.87,0.922,0.909,0.916,480672.0,4404.0,0.0,0.0,1.41,0.0,0.0,0.0,-1.0,-1.0,0.037,0.379,0.156,0.428
0,sz150018,0.916,0.924,0.914,481279.0,200529.0,280750.0,0.915,1077.0,0.914,5413.0,0.913,3384.0,0.912,1105.0,0.911,3311.0,0.916,788.0,0.917,405.0,0.918,1255.0,0.919,1268.0,0.92,327.0,13.0,20150826130936,-0.008,-0.87,0.922,0.909,0.916,481279.0,4409.0,0.0,0.0,1.41,0.0,0.0,0.0,-1.0,-1.0,0.037,0.38,0.156,0.427
0,sz150018,0.916,0.924,0.914,482067.0,201317.0,280750.0,0.916,442.0,0.915,1487.0,0.914,5413.0,0.913,2121.0,0.912,1105.0,0.917,405.0,0.918,1255.0,0.919,1268.0,0.92,327.0,0.921,1860.0,13.0,20150826130957,-0.008,-0.87,0.922,0.909,0.916,482067.0,4416.0,0.0,0.0,1.41,0.0,0.0,0.0,-1.0,-1.0,0.037,0.381,0.156,0.427
0,sz150018,0.916,0.924,0.914,482067.0,201317.0,280750.0,0.916,442.0,0.915,1487.0,0.914,5413.0,0.913,2121.0,0.912,1105.0,0.917,405.0,0.918,1255.0,0.919,1268.0,0.92,477.0,0.921,1860.0,13.0,20150826131015,-0.008,-0.87,0.922,0.909,0.916,482067.0,4416.0,0.0,0.0,1.41,0.0,0.0,0.0,-1.0,-1.0,0.037,0.381,0.156,0.427
0,sz150018,0.916,0.924,0.914,482067.0,201317.0,280750.0,0.916,442.0,0.915,1487.0,0.914,5413.0,0.913,2121.0,0.912,1105.0,0.917,5.0,0.918,1255.0,0.919,1268.0,0.92,477.0,0.921,1860.0,13.0,20150826131036,-0.008,-0.87,0.922,0.909,0.916,482067.0,4416.0,0.0,0.0,1.41,0.0,0.0,0.0,-1.0,-1.0,0.037,0.381,0.156,0.427
0,sz150018,0.916,0.924,0.914,482467.0,201317.0,281150.0,0.916,42.0,0.915,1487.0,0.914,5413.0,0.913,2121.0,0.912,1105.0,0.917,5.0,0.918,1259.0,0.919,1268.0,0.92,477.0,0.921,1860.0,13.0,20150826131054,-0.008,-0.87,0.922,0.909,0.916,482467.0,4420.0,0.0,0.0,1.41,0.0,0.0,0.0,-1.0,-1.0,0.037,0.381,0.156,0.427
0,sz150018,0.916,0.924,0.914,482467.0,201317.0,281150.0,0.916,42.0,0.915,1787.0,0.914,5413.0,0.913,2121.0,0.912,1105.0,0.917,453.0,0.918,1255.0,0.919,1268.0,0.92,477.0,0.921,1860.0,13.0,20150826131112,-0.008,-0.87,0.922,0.909,0.916,482467.0,4420.0,0.0,0.0,1.41,0.0,0.0,0.0,-1.0,-1.0,0.037,0.381,0.156,0.427
0,sz150018,0.916,0.924,0.914,482467.0,201317.0,281150.0,0.916,901.0,0.915,1787.0,0.914,5413.0,0.913,2121.0,0.912,1105.0,0.917,453.0,0.918,1255.0,0.919,1268.0,0.92,477.0,0.921,1860.0,13.0,20150826131127,-0.008,-0.87,0.922,0.909,0.916,482467.0,4420.0,0.0,0.0,1.41,0.0,0.0,0.0,-1.0,-1.0,0.037,0.381,0.156,0.427
0,sz150018,0.916,0.924,0.914,482467.0,201317.0,281150.0,0.916,901.0,0.915,1585.0,0.914,5413.0,0.913,2121.0,0.912,1105.0,0.917,453.0,0.918,1295.0,0.919,1268.0,0.92,477.0,0.921,1860.0,13.0,20150826131145,-0.008,-0.87,0.922,0.909,0.916,482467.0,4420.0,0.0,0.0,1.41,0.0,0.0,0.0,-1.0,-1.0,0.037,0.381,0.156,0.427
0,sz150018,0.916,0.924,0.914,482467.0,201317.0,281150.0,0.916,901.0,0.915,1585.0,0.914,5413.0,0.913,2121.0,0.912,1105.0,0.917,453.0,0.918,1295.0,0.919,1268.0,0.92,477.0,0.921,1860.0,13.0,20150826131209,-0.008,-0.87,0.922,0.909,0.916,482467.0,4420.0,0.0,0.0,1.41,0.0,0.0,0.0,-1.0,-1.0,0.037,0.381,0.156,0.427
0,sz150018,0.916,0.924,0.914,482509.0,201317.0,281192.0,0.915,1285.0,0.914,5413.0,0.913,2121.0,0.912,1105.0,0.911,3311.0,0.916,158.0,0.917,1453.0,0.918,1295.0,0.919,1268.0,0.92,477.0,13.0,20150826131227,-0.008,-0.87,0.922,0.909,0.916,482509.0,4421.0,0.0,0.0,1.41,0.0,0.0,0.0,-1.0,-1.0,0.037,0.381,0.156,0.427
0,sz150018,0.916,0.924,0.914,482809.0,201617.0,281192.0,0.915,1285.0,0.914,5413.0,0.913,2121.0,0.912,1105.0,0.911,3311.0,0.916,4867.0,0.917,1453.0,0.918,1295.0,0.919,1268.0,0.92,477.0,13.0,20150826131245,-0.008,-0.87,0.922,0.909,0.916,482809.0,4423.0,0.0,0.0,1.41,0.0,0.0,0.0,-1.0,-1.0,0.037,0.381,0.156,0.427
0,sz150018,0.915,0.924,0.914,483683.0,202477.0,281206.0,0.915,970.0,0.914,5413.0,0.913,2121.0,0.912,1105.0,0.911,3311.0,0.916,6007.0,0.917,1453.0,0.918,1295.0,0.919,1268.0,0.92,477.0,13.0,20150826131306,-0.009,-0.97,0.922,0.909,0.916,483683.0,4431.0,0.0,0.0,1.41,0.0,0.0,0.0,-1.0,-1.0,0.036,0.382,0.155,0.426
0,sz150018,0.915,0.924,0.914,484299.0,202477.0,281822.0,0.915,354.0,0.914,4413.0,0.913,2121.0,0.912,1105.0,0.911,3311.0,0.916,6438.0,0.917,1005.0,0.918,1295.0,0.919,1268.0,0.92,477.0,13.0,20150826131324,-0.009,-0.97,0.922,0.909,0.916,484299.0,4437.0,0.0,0.0,1.41,0.0,0.0,0.0,-1.0,-1.0,0.036,0.382,0.155,0.427
0,sz150018,0.915,0.924,0.914,484654.0,202477.0,282177.0,0.914,4413.0,0.913,2121.0,0.912,1105.0,0.911,3311.0,0.91,168203.0,0.915,290.0,0.916,6438.0,0.917,1005.0,0.918,1295.0,0.919,1268.0,13.0,20150826131342,-0.009,-0.97,0.922,0.909,0.916,484654.0,4440.0,0.0,0.0,1.41,0.0,0.0,0.0,-1.0,-1.0,0.036,0.381,0.155,0.427
0,sz150018,0.915,0.924,0.914,484654.0,202477.0,282177.0,0.914,4413.0,0.913,2121.0,0.912,1105.0,0.911,4311.0,0.91,168203.0,0.915,299.0,0.916,6429.0,0.917,1005.0,0.918,1295.0,0.919,220.0,13.0,20150826131403,-0.009,-0.97,0.922,0.909,0.915,484654.0,4440.0,0.0,0.0,1.41,0.0,0.0,0.0,-1.0,-1.0,0.036,0.381,0.155,0.427
0,sz150018,0.914,0.924,0.914,485154.0,202477.0,282677.0,0.914,3913.0,0.913,2121.0,0.912,1105.0,0.911,4311.0,0.91,168203.0,0.915,299.0,0.916,6429.0,0.917,1005.0,0.918,1295.0,0.919,220.0,13.0,20150826131421,-0.01,-1.08,0.922,0.909,0.915,485154.0,4445.0,0.0,0.0,1.41,0.0,0.0,0.0,-1.0,-1.0,0.036,0.381,0.155,0.428
0,sz150018,0.915,0.924,0.914,485254.0,202577.0,282677.0,0.914,3913.0,0.913,2121.0,0.912,1105.0,0.911,4511.0,0.91,168203.0,0.915,199.0,0.916,6429.0,0.917,1005.0,0.918,1295.0,0.919,220.0,13.0,20150826131439,-0.009,-0.97,0.922,0.909,0.915,485254.0,4446.0,0.0,0.0,1.41,0.0,0.0,0.0,-1.0,-1.0,0.036,0.381,0.155,0.428
0,sz150018,0.914,0.924,0.914,485806.0,202577.0,283229.0,0.914,3361.0,0.913,2121.0,0.912,1105.0,0.911,4511.0,0.91,168203.0,0.915,199.0,0.916,5998.0,0.917,1005.0,0.918,1345.0,0.919,220.0,13.0,20150826131458,-0.01,-1.08,0.922,0.909,0.915,485806.0,4451.0,0.0,0.0,1.41,0.0,0.0,0.0,-1.0,-1.0,0.036,0.381,0.155,0.428
0,sz150018,0.914,0.924,0.914,485806.0,202577.0,283229.0,0.914,3361.0,0.913,2121.0,0.912,1105.0,0.911,4811.0,0.91,168203.0,0.915,199.0,0.916,5998.0,0.917,1005.0,0.918,1345.0,0.919,220.0,13.0,20150826131521,-0.01,-1.08,0.922,0.909,0.914,485806.0,4451.0,0.0,0.0,1.41,0.0,0.0,0.0,-1.0,-1.0,0.036,0.381,0.155,0.428
0,sz150018,0.914,0.924,0.914,485895.0,202577.0,283318.0,0.914,3272.0,0.913,2121.0,0.912,1105.0,0.911,4811.0,0.91,168203.0,0.915,199.0,0.916,5998.0,0.917,1005.0,0.918,1345.0,0.919,220.0,13.0,20150826131539,-0.01,-1.08,0.922,0.909,0.914,485895.0,4451.0,0.0,0.0,1.41,0.0,0.0,0.0,-1.0,-1.0,0.036,0.381,0.155,0.428
0,sz150018,0.914,0.924,0.914,485895.0,202577.0,283318.0,0.914,3272.0,0.913,2212.0,0.912,1105.0,0.911,4811.0,0.91,168203.0,0.915,199.0,0.916,5998.0,0.917,1005.0,0.918,1345.0,0.919,220.0,13.0,20150826131558,-0.01,-1.08,0.922,0.909,0.914,485895.0,4451.0,0.0,0.0,1.41,0.0,0.0,0.0,-1.0,-1.0,0.036,0.38,0.155,0.428
0,sz150018,0.914,0.924,0.914,485895.0,202577.0,283318.0,0.914,3272.0,0.913,2131.0,0.912,1105.0,0.911,4811.0,0.91,168203.0,0.915,1199.0,0.916,5998.0,0.917,1005.0,0.918,1345.0,0.919,220.0,13.0,20150826131616,-0.01,-1.08,0.922,0.909,0.914,485895.0,4451.0,0.0,0.0,1.41,0.0,0.0,0.0,-1.0,-1.0,0.036,0.38,0.155,0.428
